4298 5340
1116 115 1148 175 θ’

897 317 1264 458 ---51--Ι

244 588 302 666 nil
328 606 402 680 est,
438 587 513 666 nisi
530 610 533 615 '
550 566 769 666 conductor
799 584 1063 664 vibrationum
1093 586 1533 667 messembriam
1563 591 1753 700 lenem
1778 587 1841 671 re?

246 722 394 800 tundae
430 725 707 801 membranam·
766 723 876 820 Quae
912 737 1132 824 sequuntur
1159 741 1378 800 structurae
1400 724 1621 816 varietates,
1656 727 1738 802 iam
1760 729 1840 804 cla·

250 838 331 933 rius
355 877 565 961 utramque
599 875 750 963 partem
783 853 996 930 functionis
1027 853 1350 958 complectuntur.
1402 851 1530 932 Restat
1553 857 1650 932 sacci
1676 859 1760 944 locu
1784 861 1842 936 la-

244 1012 341 1091 gena
364 989 533 1066 >validior
557 1017 602 1065 ac
627 989 752 1064 maior
775 987 818 1063 in
843 985 1092 1092 Serpentibus
1116 987 1262 1061 Lacer‘
1339 1012 1380 1077 e,
1419 988 1584 1063 firmiori
1614 1009 1747 1066 autem
1771 998 1839 1074 am

216 1123 342 1219 -lnulo
368 1123 635 1227 cartilagineo,
660 1119 933 1210 fundamento,
969 1119 1157 1213 ornatur3
1182 1121 1324 1224 aocrpit
1349 1119 1452 1196 idem
1486 1120 1688 1198 dimidiam
1728 1125 1850 1200 nerui

251 1255 410 1331 acuetici
435 1246 607 1361 partem,
640 1271 689 1331 ut
724 1253 767 1329 in
801 1253 882 1358 ipsa
915 1253 1066 1356 lagena,
1099 1251 1228 1328 forsan
1260 1252 1339 1327 iam
1372 1252 1417 1328 in
1440 1254 1709 1330 membranula
1733 1255 1838 1332 inter

222 1381 492 1492 ‘cartilagines
515 1413 694 1492 expansa,
723 1386 950 1463 dirametur.
1001 1374 1121 1463 Porro
1146 1384 1296 1463 canalis¹
1311 1410 1437 1460 assem
1459 1383 1537 1459 iam
1563 1386 1681 1488 magis
1700 1363 1841 1490 magis·

242 1545 321 1629 que
359 1521 548 1596 aceteris
576 1519 793 1624 labyrinthi
825 1520 917 1596 ossei
949 1502 1125 1627 partibus
1158 1537 1377 1624 separatur,
1417 1537 1457 1594 et
1490 1545 1536 1593 ex
1561 1520 1639 1595 situ
1662 1519 1840 1596 horinon·

246 1654 335 1743 tali,
372 1678 494 1756 quem
527 1653 570 1730 in
597 1652 793 1730 testudine
819 1681 865 1731 ae
895 1655 976 1729 fere
1000 1654 1041 1729 in
1066 1653 1317 1758 serpentibus
1342 1670 1380 1728 et
1404 1652 1570 1729 Lacertis
1588 1673 1839 1744 seruauerat,
1928 1690 1930 1692 ’

243 1786 381 1863 transit
415 1786 459 1862 in
485 1785 687 1864 Crocodilo
729 1787 772 1864 in
804 1785 1175 1894 perpendicularem.
1239 1785 1433 1876 Flexioni,
1470 1812 1570 1888 quae
1605 1785 1647 1861 in
1672 1787 1849 1882 Lacertis

243 1919 574 2027 Serpentihusque
598 1922 838 2015 una-saltem
863 1940 946 1997 erat
971 1921 1020 1995 ab
1044 1937 1201 1994 externa
1225 1919 1379 2021 regione
1402 1943 1531 1994 versus
1556 1945 1664 1994 axem
1690 1920 1835 2014 cranii,

246 2049 367 2127 altera
399 2051 444 2128 in
468 2049 674 2129 Crocodilo
706 2052 875 2128 sociatur
913 2069 1120 2128 curvatura
1156 2077 1285 2126 versus
1321 2050 1496 2156 occiput,
1530 2050 1694 2126 initium
1719 2050 1852 2129 flexu?

243 2208 309 2260 rae
332 2183 494 2288 spiralis.
545 2184 632 2270 Hic,
647 2184 756 2262 enim
780 2185 858 2264 iam
884 2186 1015 2261 omnia
1041 2183 1091 2259 ad
1116 2211 1201 2259 eam
1226 2183 1510 2260 absolutionem
1537 2183 1715 2274 tendunt,
1742 2184 1840 2260 eius-

204 2307 206 2311 ’
244 2340 322 2416 que
356 2313 532 2420 produnt
571 2316 742 2419 vestigia,
767 2367 770 2372 -
795 2346 915 2420 quam
947 2319 991 2393 in
1023 2316 1358 2392 mammiferorum
1394 2316 1550 2392 cochlea
1586 2314 1836 2391 admiramur.

145 2473 147 2480 ’
247 2445 400 2520 Canalis
433 2446 642 2539 cochlearis
668 2449 932 2553 ,amplissimus
958 2448 1071 2524 initio
1115 2448 1240 2540 media
1268 2468 1379 2553 parte
1403 2448 1621 2552 quidquam
1645 2449 1847 2529 contrahis
1894 2547 1895 2551 Ἴ

246 2562 597 2669 ων,’ἰηωιηεεοίι
629 2581 772 2679 iterum
797 2580 847 2656 ad
882 2582 1029 2686 apicem
1039 2615 1053 2674 ,·
1088 2583 1187 2657 scala
1221 2581 1400 2656 vestibuli
1433 2582 1569 2657 crescit
1593 2580 1840 2684 longitudine

204 2736 207 2741 ’
244 2729 283 2787 et
307 2712 504 2816 prominet
529 2715 810 2818 aspra-scalam
835 2715 1031 2806 vestibuli,
1069 2713 1315 2816 cartilagines
1347 2740 1490 2788 munus
1515 2713 1733 2818 suscipiunt
1758 2713 1840 2788 eius

244 2842 631 2955 circummuniendae
667 2845 939 2940 membranae,
991 2873 1091 2951 quac
1126 2873 1172 2921 ex
1204 2847 1328 2952 specie
1358 2863 1514 2921 externa
1542 2871 1735 2922 <summam
1761 2874 1841 2922 om-

245 2974 359 3050 niu'm
395 2977 571 3081 partium
597 2974 857 3055 evolutionem
868 2998 1157 3084 Ncommonstrat
1195 2978 1566 3082 laminaespiralim
1600 2980 1734 3081 lagena
1761 3002 1840 3054 ma-

243 3107 450 3209 gnitudine
484 3107 666 3187 decrescit
674 3146 687 3203 ,·
722 3111 914 3189 accedunt
950 3110 1136 3216 denique,
1174 3113 1306 3215 quales
1340 3110 1383 3186 in
1419 3109 1549 3198 oculo,
1589 3109 1839 3185 membranae

240 3241 485 3337 vasculosae„
516 3245 613 3317 Fere
637 3261 797 3319 nonest
823 3244 1041 3319 differentia
1069 3249 1173 3320 inter
1197 3262 1434 3320 structuram
1454 3239 1631 3316 cochleae
1660 3241 1840 3317 Crocodi-
1864 3296 1868 3301 -

163 3439 170 3446 .
242 3371 271 3444 li
298 3391 347 3447 et,
371 3374 517 3469 avium3
553 3381 653 3477 quae
687 3374 734 3450 de
768 3377 854 3467 illa,
889 3368 1041 3452 dehac
1078 3404 1235 3481 quoque
1262 3377 1359 3471 dixi3
1401 3377 1479 3450 sola
1505 3376 1695 3449 vasculosa
1715 3399 1840 3449 mem-

105 3504 109 3510 ’
202 3570 205 3575 .
242 3503 380 3593 branna
392 3525 464 3596 est,
501 3533 602 3610 quae
637 3507 908 3610 magnitudine
940 3511 1091 3599 crescit,
1125 3509 1318 3610 armagis
1351 3532 1549 3584 secernens
1575 3533 1648 3582 esse
1674 3504 1838 3582 videtur.

242 3636 391 3732 Aliam,
426 3638 499 3711 nisi
537 3639 701 3715 formam
734 3640 1029 3743 fissuramque
1027 3641 1118 3716 ossei
1145 3641 1289 3719 canalis
1272 3639 1538 3745 respexeris,
1576 3640 1640 3714 vix
1667 3638 1838 3714 invenies

132 3783 143 3799 ⁸
243 3695 604 3857 differehtiam,1ta
637 3791 683 3848 ut
714 3775 853 3849 merito
883 3774 1079 3848 affirmare
1111 3774 1249 3864 liceat,
1286 3768 1394 3888 quod
1419 3768 1469 3844 ad
1503 3770 1605 3845 hanc
1642 3770 1840 3846 cochleam

171 3911 177 3923 '
224 3909 410 4002 spectat,
445 3900 548 3976 nihil
583 3901 790 3981 desiderari
824 3904 997 3982 medium
1035 3906 1138 3980 inter
1161 3905 1229 3980 has
1253 3880 1665 4007 magnas‘enimalium
1690 3903 1839 3990 classes,

246 4047 324 4105 tam
363 4031 543 4109 distincte
578 4054 748 4112 secretas.
800 4036 985 4141 Idemque
1018 4036 1098 4110 fere
1122 4061 1168 4110 ex
1205 4035 1416 4112 novissimis
1440 4034 1769 4112 observationibus
1794 4031 1841 4108 de

246 4160 464 4237 ἰταηδὴιι
439 4167 570 4243 avium
603 4164 653 4241 ad
689 4127 930 4245 mammisera
962 4167 1195 4245 contendere
1222 4169 1443 4272 poterimus
1495 4154 1682 4271 Respioio
1693 4165 1760 4239 hic
1786 4164 1841 4241 ad

244 4291 522 4374 observationes
543 4301 775 4378 Machelii
792 4302 842 4400 68)
876 4300 925 4377 de
942 4301 1096 4378 cochlea
1117 4302 1406 4405 ornitborynobi
1436 4300 1543 4378 etad
1563 4301 1842 4377 accuratiorem
2034 4282 2039 4291 ⁸

244 4525 697 4554 m
1459 4563 1509 4625 ,θ

288 4685 347 4762 68)
369 4689 522 4754 Conduoit
542 4694 684 4776 (fenestra
705 4671 847 4777 rotlande)
868 4697 1024 4760 cochleam
1047 4720 1158 4783 parum
1178 4694 1424 4781 prominentem
1458 4692 1508 4755 sed
1530 4692 1708 4754 latissimam
1729 4695 1842 4765 introrf

366 4828 418 4870 eus
439 4830 629 4889 convexam,
660 4823 832 4876 extrorsum
852 4814 1040 4897 concavam,
1054 4808 1161 4901 *cuca*
1179 4812 1347 4895 modiolum
1379 4810 1489 4875 flexam
1509 4823 1540 4873 ct
1562 4811 1595 4874 in
1624 4807 1739 4870 scalam
1759 4829 1843 4890 supa
