4298 5340
896 311 1234 406 w.--27----

279 588 560 700 posteriorique
584 587 779 693 ampullae
804 584 999 663 canalium
1025 582 1212 688 repositae
1237 599 1338 660 sunt.
1382 584 1524 660 Novem
1551 583 1740 661 foramina
1767 581 1877 661 vesti-

270 723 364 801 ‘b'uli
394 723 556 828 parietes
581 713 791 827 perforant,
818 715 1033 794 secundum
1060 717 1135 792 has·
1155 736 1228 793 tres
1254 736 1382 823 partes
1406 717 1459 792 ita
1480 715 1672 824 disposita·
1698 723 1745 794 ln
1766 740 1875 822 parte
1937 726 1939 729 ’

257 854 406 931 ‘media
433 873 541 931 extus
565 855 732 929 fenestra
758 851 895 941 ovalis,
933 846 982 924 ad
1014 851 1201 953 parietem
1235 848 1460 924 inferiorem
1493 877 1675 952 magnum
1702 851 1877 927 foramen
1991 893 1993 896 ⁴

281 990 410 1064 scalae¹
432 987 611 1062 vestibuli
646 972 842 1073 cochleae,
879 978 929 1054 ad
964 981 1202 1084 superiorem
1235 981 1422 1085 parietem
1454 999 1635 1087 apertura
1661 985 1876 1058 communis

281 1118 404 1206 cruris
429 1117 574 1193 interni
609 1114 752 1191 canalis
786 1112 1024 1217 posterioris,
1065 1113 1270 1214 crurisque
1302 1113 1523 1216 posterioris
1559 1115 1738 1190 canalis
1728 1118 1874 1197 ruterni

282 1249 614 1377 conspiciuntur
639 1252 686 1367 Iu
720 1263 832 1353 parte
861 1263 974 1320 anter
976 1245 1049 1322 iuri
1082 1243 1261 1321 verubuli
1295 1264 1501 1349 aperturae
1522 1247 1647 1321 cruris
1671 1248 1875 1325 anterioris

282 1382 447 1473 interni,
482 1371 762 1482 anteriorisque
789 1378 1036 1455 horizontalis
1061 1378 1205 1453 canalis
1229 1377 1364 1472 hiant3
1402 1375 1612 1482 denique
1602 1406 1645 1455 ιιι
1670 1380 1873 1485 posteriori

283 1535 393 1622 parte
418 1540 504 1590 erus
528 1531 733 1588 externum
758 1510 980 1616 posterioris
1004 1529 1043 1586 et
1069 1511 1258 1617 posterius
1283 1510 1532 1589 horizontalis
1555 1514 1706 1588 canalis.
1752 1503 1872 1605 Duae,
1918 1553 1920 1556 ·

281 1673 381 1753 quae
405 1663 631 1754 supersunt,
657 1661 861 1750 aperturae
886 1640 1157 1722 transmittunt
1183 1630 1346 1720 nelvum
1372 1643 1607 1733 acusticum,
1632 1645 1704 1750 qui
1729 1673 1774 1722 ex
1798 1673 1876 1724 me·

280 1781 390 1858 dulla
416 1781 628 1884 oblongata
664 1778 913 1884 proveniens,
945 1779 1123 1884 primum
1157 1779 1199 1853 in
1234 1776 1329 1854 duos
1361 1805 1507 1866 ramos,
1540 1779 1812 1856 vestibularem
1837 1800 1875 1856 et

280 1914 519 1992 cochlearem
555 1912 769 1987 dirimitur.
833 1911 910 1985 Hie
943 1909 1082 1985 adhuc
1098 1908 1348 1986 describenda
1384 1911 1535 2028 ratione
1565 1914 1739 1989 canalem
1765 1916 1875 1993 eoch-

226 2086 227 2089 ι
280 2049 396 2130 leae
386 2064 530 2142 rutrat3
556 2043 660 2121 ille
650 2062 793 2119 rterum
820 2042 862 2118 in
888 2043 1056 2116 ramulos
1081 2041 1178 2119 duos
1202 2042 1345 2118 divisus
1366 2043 1475 2149 ξῦ),
1465 2071 1508 2119 tn
1533 2044 1712 2120 vestibuli
1738 2073 1875 2121 eavum

281 2182 333 2256 ita
359 2198 563 2285 penetrat,
591 2197 638 2254 ut
661 2178 760 2253 alter
784 2175 971 2252 mediam
979 2194 1130 2281 partem
1157 2175 1329 2251 caritatis
1352 2178 1663 2280 saeculumque
1653 2178 1789 2255 milla
1817 2205 1875 2254 re-

243 2349 248 2353 ·
280 2316 449 2418 positum
475 2311 609 2406 adeat,
646 2311 745 2388 alter
770 2310 1005 2404 anteriorem
1030 2310 1198 2414 partem,
1231 2310 1499 2414 ampullasque
1531 2309 1626 2387 duas
1643 2311 1725 2413 ¹hie
1750 2313 1875 2388 iacen-
1966 2390 1970 2401 ,

281 2465 351 2522 tes.-
396 2451 625 2539 Praeterea,
650 2443 757 2550 quod
784 2443 887 2520 iufra
912 2441 1265 2529 demonstrabitur,
1290 2445 1471 2554 ,sacculus
1495 2443 1612 2520 etiam
1636 2446 1874 2549 peculiarem

263 2577 392 2679 vnervi
410 2576 635 2688 'cochlearis
669 2604 823 2677 ramum
847 2577 998 2682 accipit.
1049 2578 1177 2652 Paries
1202 2576 1380 2651 internus
1399 2574 1455 2679 '⁸9)
1479 2577 1658 2652 vestibuli
1685 2579 1873 2668 maximus

277 2711 436 2815 fereque
461 2709 793 2817 perpendicularis
826 2730 900 2799 est,
934 2729 1051 2813 atque
1084 2711 1128 2785 in
1161 2710 1243 2786 eius
1277 2709 1411 2788 infima
1428 2727 1571 2814 parte,
1603 2737 1682 2812 qua
1717 2709 1871 2786 cochlea

279 2837 437 2948 incipit,
473 2842 552 2919 duo
578 2844 646 2918 illa
671 2842 937 2951 angustissima
962 2841 1174 2932 foramina,
1208 2844 1315 2919 nervi
1341 2841 1582 2922 vestibularis
1606 2868 1730 2921 ramos
1753 2865 1874 2924 trans·
1979 2918 1995 2943 ,Ι

277 2975 473 3053 mittentia
497 2975 874 3075 animadvertuntur·
918 2984 919 2991 ’

379 3225 536 3305 Canales
567 3220 899 3304 semicirculares
899 3227 1044 3334 optime
1086 3228 1131 3305 in
1163 3225 1259 3306 duos
1293 3228 1654 3336 perpendiculares,
1696 3234 1871 3314 horizon-
1959 3320 1966 3330 ,

278 3356 470 3460 talemque
503 3357 744 3445 dividuntur,
808 3358 1154 3467 Perpeudiculares
1187 3361 1378 3439 bisunt:
1423 3360 1457 3459 ι)
1492 3363 1745 3464 interemat)
1778 3395 1870 3483 cnut

276 3517 344 3569 axe
372 3490 649 3594 longitudinali
677 3493 813 3600 capitis
838 3495 918 3571 fere
943 3496 1152 3599 parallelus
1176 3513 1242 3583 εει.
1301 3499 1398 3572 Grus
1431 3498 1513 3574 eius
1547 3502 1723 3576 anterius
1750 3474 1879 3577 aaut

277 3642 345 3699 tur
369 3625 518 3700 circum
554 3651 643 3699 crus
675 3625 848 3701 anterius
883 3626 1027 3701 canalis
1060 3626 1327 3714 horizontalis,
1358 3618 1549 3734 posterius
1582 3627 1779 3724 εειιΗιιὶιΙ
1759 3660 1870 3728 ,eum
1941 3676 1945 3681 ·

276 3781 390 3832 crure
429 3758 585 3831 interno
628 3758 771 3833 canalis
815 3757 1044 3850 posterioris.
1124 3757 1169 3856 ε)
1211 3761 1407 3883 Ppstcrior
1448 3789 1515 3839 seu
1555 3782 1786 3851 transversus
1819 3765 1869 3864 9¹)
1929 3835 1933 3841 .
1980 3767 1985 3780 ³

273 3887 354 3964 sere
380 3887 712 3995 perpendicularis
745 3890 789 3963 iu
821 3915 889 3964 axe
923 3887 1200 3991 longitudinali
1225 3895 1372 3998 capitis,
1431 3896 1527 3974 Crus
1543 3897 1638 3974 *eius
1668 3898 1869 3980 internum

276 4019 353 4095 eoit
377 4047 468 4097 eum
492 4021 697 4141 posteriori
724 4013 1054 4116 internicaualis,
1080 4040 1284 4111 externum
1307 4025 1485 4111 {lenitur
1514 4031 1663 4108 circum
1680 4058 1769 4109 crus
1800 4061 1868 4140 po-

294 4266 621 4297 Μ

248 4486 249 4490 ,
313 4442 370 4523 88)
390 4444 469 4507 Tab
490 4446 519 4507 1.
544 4447 616 4531 Εἰς.
636 4469 682 4517 ιο.
705 4412 740 4514 Ιι.ι

315 4559 373 4645 89)
395 4560 477 4625 Tab
500 4560 528 4630 l.
549 4565 617 4646 Fig.
646 4586 693 4629 ιι.
715 4566 746 4629 k.

315 4644 1388 4776 90)flb.1.1²ig.9,1o,11,12.a.repungnare·

229 4857 230 4861 ,
313 4791 474 4891 91)9Tab
496 4795 520 4857 l.
542 4796 611 4893 Fig.
633 4816 674 4881 9,
700 4817 757 4880 ro,
782 4819 838 4878 ιι,
865 4820 914 4864 12
936 4801 966 4872 b.
1008 4803 1087 4874 'I'alt
1108 4798 1244 4891 1l.·1ttg.
1269 4826 1296 4871 t
1316 4777 1398 4874 Μ’
1421 4798 1423 4803 ·
1495 4765 1558 4848 'sl
1589 4759 1763 4820 dasiro}
1788 4759 1845 4841 9ξρ
1934 4764 1940 4769 ·

1945 4206 1985 4271 ass
