4298 5340
904 204 1208 377 „mg

265 571 382 651 rugae
407 547 745 653 conspiciebantur
770 549 812 627 in
849 549 1003 626 interna
1037 543 1286 626 membranae
1311 550 1515 657 superficie
1540 550 1691 656 aliquid
1715 555 1859 659 promi-

266 700 410 773 nentes.
461 688 495 756 A
519 708 625 757 sacco
650 682 829 778 vestibuli
864 682 956 758 inde
989 710 1114 786 usque
1149 683 1400 777 adlcanalem
1433 685 1537 761 inter
1566 705 1750 790 utrosque
1783 713 1859 763 sac-

267 839 330 892 cos
357 814 609 911 tenuelilum
638 813 747 888 nervi
772 813 1014 889 vestibularis
1032 817 1211 919 prosequi
1238 817 1369 921 potui,
1396 843 1484 892 non
1501 837 1633 925 autem
1657 820 1834 896 ulterius.

365 944 512 1043 Quodsi
554 972 738 1047 organon.
765 945 843 1021 iam
875 945 1111 1052 descriptum
1137 976 1228 1024 cum
1271 949 1317 1044 iis
1350 977 1638 1055 comparamus,
1675 978 1777 1057 quae
1812 953 1855 1029 iu

270 1077 472 1156 Crocodilo
497 1076 686 1167 vidimus,
714 1076 826 1152 hasce
854 1097 1035 1186 notamus
1061 1064 1319 1159 dillerentia'si
1345 1063 1499 1156 cochlea
1524 1081 1717 1171 Crocodili
1743 1108 1856 1161 canu.

240 1214 312 1287 'lis
338 1230 407 1287 est·
430 1209 606 1313 undique
633 1211 814 1300 clausus,
834 1210 1028 1286 cochleam
1055 1213 1225 1307 mollem,
1265 1239 1336 1289 nec
1366 1213 1583 1318 quidquam
1608 1212 1724 1301 aliud
1750 1235 1854 1291 arcte
1926 1229 1933 1245 ·

197 1357 200 1362 ’
264 1341 527 1442 circumdans,
554 1343 596 1418 in
623 1339 815 1421 testudine
836 1368 971 1444 verum
997 1344 1121 1421 maior
1147 1345 1306 1431 cavitas,
1343 1347 1394 1422 in·
1419 1366 1529 1450 parte
1555 1346 1739 1424 interiore
1766 1376 1853 1452 pan„

266 1478 338 1552 tim
363 1501 521 1580 quoque
547 1501 710 1597 nervum
735 1473 881 1573 durum
906 1475 1141 1580 excipiens.
1156 1480 1319 1556 Cochlea
1346 1479 1549 1556 testudinis
1574 1507 1644 1556 nec
1671 1507 1852 1583 magnam

132 1609 135 1612 ’
227 1702 230 1707 ¹
263 1610 427 1687 habet
414 1638 459 1687 ιιι
485 1584 687 1685 cavitatem
717 1608 899 1685 vestibuli
933 1622 1174 1712 aperturam,
1212 1638 1340 1716 neque
1376 1611 1627 1715 cartilagines
1642 1611 1851 1717 Crocodili,
1888 1617 1894 1623 “

155 1730 156 1734 “
263 1743 512 1818 cochleam
501 1772 543 1817 ιιι
583 1742 678 1819 duas
714 1718 830 1819 scalas
854 1741 1094 1833 dividentes,
1132 1770 1258 1848 neque
1297 1771 1504 1820 nervorum
1544 1708 1853 1820 diramationem

263 1878 400 1951 Saccus
425 1872 645 1977 denique
633 1901 732 1978 ipse
729 1875 933 1961 cochleae
968 1874 1074 1977 quod
1099 1876 1154 1950 ihi
1181 1903 1261 1952 non
1288 1877 1533 1972 observatur,
1568 1873 1704 1951 canale
1729 1902 1853 1950 mem
1860 1863 1864 1871 ’

262 2010 455 2085 hranaceo
489 2036 579 2083 cum
605 2034 711 2084 sacco
737 2009 917 2101 vestibuli
944 2008 1175 2084 coniunctus
1200 2028 1264 2084 est.
1325 2011 1358 2083 E
1384 2008 1577 2088 contrario
1602 2027 1733 2084 autem
1760 2007 1854 2108 situs

263 2144 452 2247 partium,
490 2168 535 2216 ac
568 2142 777 2246 praecipue
809 2143 1064 2216 fenestrarum
1095 2144 1137 2217 in
1162 2162 1330 2253 utroque
1356 2142 1516 2217 animali
1542 2142 1621 2220 fere
1646 2140 1750 2217 idem
1776 2160 1852 2231 est,
1931 2142 1949 2189 ³

264 2305 441 2353 necnon
475 2277 707 2381 praesentia·
729 2277 810 2381 ipsa
838 2275 1024 2350 fenestrae
1050 2274 1262 2364 rotundae,
1300 2301 1346 2348 ex
1371 2300 1454 2349 mea
1480 2272 1640 2377 quidem
1664 2269 1893 2353 sententias

264 2411 498 2487 sufficienter
531 2410 769 2488 ,demonstrat
795 2438 856 2486 eas
881 2427 1033 2516 partes,³
1049 2407 1099 2482 ad
1126 2426 1221 2510 quas
1242 2405 1369 2483 aditus
1394 2424 1468 2497 est,
1499 2434 1571 2511 pro
1598 2405 1752 2481 cochlea
1789 2404 1855 2527 ha·

271 2540 416 2636 hendas
441 2568 543 2620 esse„
577 2546 712 2619 Saccus
737 2543 913 2619 cochleae
944 2543 1144 2629 maiorem,
1165 2538 1334 2641 denique
1369 2535 1664 2632 similitudinem
1699 2561 1792 2639 prae
1816 2562 1855 2612 se
1957 2562 1959 2565 ·

265 2674 343 2750 fert
364 2701 455 2770 cum
477 2676 627 2778 lagena,
653 2677 809 2780 qualem
835 2676 879 2750 in
904 2675 1056 2751 lacertis
1075 2668 1517 2778 ophidiisquevidimus·
1548 2666 1672 2748 ,Illud
1697 2693 1855 2770 quoque

262 2805 320 2883 ad.
342 2832 472 2884 meam
491 2809 723 2886 sententiam
747 2809 862 2899 facit,
888 2782 930 2884 in
957 2808 1183 2884 omniaure
1209 2807 1364 2882 interna
1390 2800 1592 2887 testudinis
1617 2800 1719 2876 nihil
1744 2799 1855 2895 aliud
1940 2807 1943 2814 '

158 2948 165 2960 '
214 3002 217 3007 .
264 2939 461 3032 inveniri,
523 2939 631 3053 quod
682 2940 859 3018 cochleae
898 2941 1023 3018 simile
1070 2938 1207 3015 haberi
1240 2936 1364 3043 possit.
1440 2934 1548 3031 Infra
1572 2932 1854 3014 demonstrabo

172 3080 177 3087 ’
259 3073 364 3150 hanc
392 3074 533 3179 ipsam,
559 3077 717 3179 qualem
733 3073 882 3150 testudo
900 3073 1037 3165 hahet,
1062 3071 1257 3149 cochleam
1285 3097 1402 3159 unam
1421 3066 1727 3174 partemofficii,
1747 3066 1856 3170 quod

258 3206 437 3284 cochleae
460 3232 538 3284 esse
564 3207 738 3303 videtur,
769 3209 916 3316 optime
940 3207 1102 3312 explere.
1210 3261 1213 3263 -
1247 3250 1261 3275 .

1450 3398 1471 3443 ὰ

899 3439 1219 3476 -υ-δ--Τ--α--ι-

409 3708 488 3801 De
514 3740 782 3887 progressu
769 3648 1151 3835 formationis
1132 3734 1181 3794 tu
1210 3725 1328 3824 aare
1327 3693 1714 3901 Amphtbtorum
1914 3818 1924 3835 ο

163 3990 168 3997 “
257 4032 273 4047 ..
359 3968 416 4043 Eo
443 3904 600 4057 ordine,
628 3981 707 4069 quo
733 3992 802 4055 nos
798 3922 930 4052 hanc
955 3919 1185 4079 animalium
1211 3959 1365 4035 classem
1394 3888 1727 4061 pcilustravimus,
1754 3968 1853 4029 stru-

259 4111 369 4173 ctura
395 4101 528 4202 organi
556 4097 713 4175 auditus
738 4096 787 4174 ad
813 4098 922 4172 illam
929 4095 1113 4203 piscium
1137 4112 1181 4169 et
1198 4090 1363 4199 piscium
1387 4084 1547 4191 quidem
1566 4084 1853 4190 cartilaginoso-

260 4258 351 4327 rurn
377 4208 617 4338 adnectitur,
656 4232 725 4337 qui
740 4231 954 4344 primum
958 4229 1123 4304 fenestra
1152 4223 1253 4300 ovali
1279 4219 1458 4326 gaudent
1509 4222 1640 4294 Partes
1669 4210 1852 4339 intimae,

249 4361 541 4477 labyrinthus,
580 4392 714 4471 parvas
739 4364 938 4442 varietates
964 4361 995 4438 si
1007 4348 1206 4477 excipias,
1244 4381 1343 4460 quae
1370 4351 1624 4446 directionem
1662 4332 1859 4456 magnitu-

256 4492 490 4601 diuemque
496 4496 692 4573 canalium
704 4496 1062 4615 setptctrcularrum
1088 4492 1185 4570 sacci
1210 4482 1410 4617 formam,
1405 4508 1591 4597 eamque,
1618 4510 1738 4592 quam
1764 4508 1853 4559 cou-

259 4626 383 4727 unet,
416 4629 618 4737 materiam
656 4626 905 4749 amylaccam
903 4644 1107 4739 spectant,
1145 4610 1305 4699 omuino
1331 4604 1485 4694 eaedem
1511 4633 1671 4733 restant,
1710 4631 1749 4689 et
1771 4584 1863 4747 ιοΪιι,

139 4748 167 4803 ‘⁵¹⁴²
258 4761 368 4889 ratio,
393 4789 472 4867 qua
498 4763 664 4840 fenestra·
678 4763 806 4840 ovalis.
827 4740 1062 4852 occluditur,
1080 4714 1341 4834 differentiam
1354 4724 1686 4891 progressumque
1710 4724 1853 4824 forma·
