4298 5340
921 356 1215 456 ...19-

262 652 350 732 pars
375 623 425 701 ad
457 620 790 731 osstympanicum
816 624 1036 728 pertinent,
1071 619 1179 737 quod
1213 639 1464 698 extenuatum
1499 618 1591 696 inde
1616 606 1863 726 superficiem

263 760 514 834 articularcm
539 757 607 834 dat
632 756 811 834 maxillae
844 754 1032 830 inferiori.
1091 757 1148 828 Ex
1183 771 1294 859 parte
1319 753 1511 858 superiori
1538 781 1627 828 curn
1653 751 1862 829 mastoideo

155 966 158 970 .
264 891 528 994 coniungitur,
552 888 660 994 quod
684 886 794 964 valde
821 886 1044 992 prominens
1067 884 1306 990 superiorem
1333 883 1535 960 dimidiam
1554 905 1703 990 partem
1721 883 1873 969 annuli¹

216 1096 219 1101 .
265 1048 338 1128 pro
361 1024 587 1117 membrana
614 1021 789 1127 tympani
814 1020 967 1106 format.
1017 1019 1189 1096 Cellulae
1214 1015 1407 1121 denique,
1433 1045 1529 1122 (suas
1555 1046 1641 1092 cum
1670 1016 1747 1131 illis
1773 1044 1863 1121 pro·

265 1179 386 1230 cessus
408 1152 608 1230 mastoidei
632 1154 733 1228 bene
757 1151 994 1257 comparavit
1017 1151 1219 1246 Cuvier‚
1253 1150 1296 1226 in
1323 1176 1400 1226 ossa
1435 1148 1580 1239 omnia,
1608 1140 1722 1251 'quae
1747 1144 1862 1223 modo
1950 1192 1953 1197 -

264 1286 484 1376 numeravi,
519 1300 782 1390 penetrantes,
804 1311 906 1358 ¹cum
933 1284 1095 1359 cavitate
1122 1282 1298 1388 tympani
1326 1282 1638 1375 communicant3
1674 1282 1793 1356 immo
1819 1280 1879 1353 iu·

264 1416 457 1495 crocodilo
483 1415 834 1507 nondumttultn
859 1417 955 1492 baec
981 1444 1058 1493 ossa
1086 1416 1165 1490 iere
1191 1414 1321 1490 omnia
1350 1416 1392 1491 in
1418 1413 1514 1490 duas
1537 1416 1716 1505 laminas,
1743 1434 1863 1490 exter-

265 1578 361 1655 nam¹
384 1550 660 1652 internamque
684 1550 865 1644 vitream,
902 1549 1018 1625 modo
1052 1549 1119 1623 hic
1143 1547 1258 1625 modo
1285 1547 1367 1623 illie
1404 1548 1611 1624 trabeculis
1635 1550 1744 1624 osseis
1770 1577 1859 1624 con-

264 1674 416 1757 iunctas
439 1679 559 1757 divisa
594 1700 706 1773 sunt,
745 1681 799 1757 ita
834 1702 880 1758 ut
908 1682 949 1756 in
976 1681 1044 1756 illo
1070 1681 1248 1758 cavitates
1284 1682 1460 1787 tympani
1494 1682 1699 1785 utriusque
1734 1682 1865 1760 lateris

263 1813 435 1903 cellulis,
470 1840 510 1888 os
535 1812 722 1918 parietsle
746 1800 1057 1918 perimentibus,
1091 1813 1202 1890 'inter
1234 1841 1273 1891 se
1301 1814 1612 1906 communicent,
1647 1816 1705 1891 vel
1732 1816 1863 1919 potius
1916 1832 1919 1837 '

263 1971 391 2022 uuum
416 1972 602 2050 magnum
627 1933 764 2023 cavum
789 1947 968 2051 forment.
1039 1952 1042 1958 ’
1523 1923 1532 1940 ’

819 2164 896 2277 B„
928 2163 991 2256 Its
1027 2165 1073 2258 T
1065 2161 1285 2258 testudine.

292 2370 295 2383 Ι
360 2400 488 2504 Caput
510 2352 648 2503 paduae
671 2398 831 2504 Emydis
858 2400 1001 2487 luteae,
1035 2427 1106 2477 nec
1137 2429 1217 2478 non
1249 2428 1412 2506 magnae
1447 2399 1649 2478 testudinis
1676 2404 1861 2479 terrestris

262 2549 524 2637 perscrutatus
547 2560 643 2611 sum.

362 2665 414 2740 Ut
441 2665 601 2743 omnino
625 2667 791 2747 maxima
824 2662 1040 2744 similitudo
1077 2686 1134 2745 est
1166 2667 1271 2745 inter
1300 2694 1380 2745 ossa
1411 2666 1549 2773 capitis
1575 2666 1777 2744 testudinis
1801 2694 1863 2746 ea-

259 2821 338 2900 que
364 2794 575 2885 Crocodili,
612 2798 667 2909 ita
692 2774 777 2876 non
799 2799 930 2875 minor
953 2825 1088 2877 earum
1113 2800 1304 2907 partium,
1338 2801 1482 2904 quibus
1506 2829 1680 2905 organon
1704 2801 1863 2879 auditus

260 2927 487 3007 continetur
523 2949 640 3035 atque
673 2933 950 3027 circumdatur.
1014 2935 1273 3040 Osteologiam
1305 2934 1443 3040 capitis
1477 2934 1680 3011 testudinis
1713 2937 1861 3040 optime

262 3056 492 3167 descriptam
525 3061 745 3151 invenimus
779 3042 1040 3153 aCu'viero
1062 3068 1114 3166 6Ι)
1152 3088 1192 3147 et
1215 3065 1483 3172 ssojan062),
1518 3069 1594 3170 ¹qui
1627 3069 1702 3143 viri
1729 3071 1770 3144 in
1797 3068 1861 3144 de-

262 3191 439 3309 finitione
454 3194 603 3275 ,ossium
629 3197 836 3275 maximam
860 3218 1012 3307 partem
1037 3219 1270 3310 consonant,
1297 3200 1467 3295 modousi
1494 3200 1655 3304 excipis,
1682 3197 1859 3304 Bojani

263 3348 314 3421 os
333 3323 568 3439 quadratum
600 3331 869 3434 tympanicum
915 3360 937 3406 a
973 3334 1183 3411 Cuviero
1227 3333 1498 3439 tympanicum
1529 3352 1748 3438 petrosum,
1795 3362 1861 3439 pe·
1954 3338 1957 3343 ’

262 3474 409 3535 trosum
435 3437 606 3561 denique
631 3463 834 3611 occipitale
859 3484 1064 3542 externum
1090 3465 1343 3542 'nominatum
1368 3452 1472 3560 esse}
1505 3492 1626 3570 quam
1652 3468 1860 3543 Cuvieri

259 3585 547 3678 definitionem,
590 3595 799 3701 praecipue
835 3596 866 3671 si
903 3596 953 3673 ad
978 3597 1227 3674 Crocodilum
1259 3598 1546 3704 respiciebam,
1568 3597 1862 3704 praeferendam

257 3743 332 3796 esse
358 3724 501 3799 censui.
532 3725 798 3831 Labyrinthus
822 3729 889 3821 bie
912 3731 1156 3836 potissimum
1181 3760 1203 3807 a
1227 3752 1379 3838 petroso
1404 3750 1444 3809 et
1468 3731 1702 3837 occipitali
1691 3751 1847 3810 interno
1951 3760 1978 3837 Ἰ

259 3852 370 3954 quod
403 3856 488 3931 loco
513 3859 727 3962 oecipitalis
758 3862 930 3971 lateralis
947 3863 1141 3941 Crocodili
1164 3883 1242 3955 est,
1274 3864 1496 3941 recluditur
1511 3864 1574 3961 ⁶³).
1625 3866 1774 3943 Cavitss
1798 3895 1861 3943 vc·
1948 3842 1973 3891 Ἰ

257 3984 395 4060 stituit
418 4015 513 4064 cum
534 3990 699 4068 fenestra
726 3996 826 4072 omli
850 4014 895 4073 et·-
916 3996 1118 4075 canalibus
1147 3991 1504 4077 semicircularibus
1522 3999 1783 4109 anterioribus
1808 4002 1873 4076 ad·

253 4138 299 4191 os
321 4134 541 4235 patronum
561 4125 779 4232 praecipue·
796 4129 985 4234 pertinet,
1017 4128 1085 4208 sed
1108 4129 1277 4209 fanestra
1313 4129 1584 4226 rotunda'641,
1619 4158 1723 4213 unus
1747 4160 1860 4212 cana-

256 4350 709 4399 “““’-”“ι“ι“Γ“.“’““““““·-···;

296 4484 369 4564 61)
382 4480 496 4555 (issent.
504 4478 589 4573 jbss.
614 4464 712 4558 'root'
720 4497 776 4566 V
772 4486 859 4615 ἰ76.
880 4499 924 4587 pl.
940 4496 998 4564 xl.
1071 4496 1073 4501 ’

290 4604 367 4680 dal·
375 4602 535 4671 aunone
550 4588 721 4676 testudinis·
729 4602 901 4700 euibpacae
910 4612 1001 4682 Tab.
1009 4616 1068 4690 IX.
1089 4598 1174 4706 seqq.

191 4813 193 4817 Ι
296 4721 355 4798 63)
376 4724 425 4787 Cf
451 4727 685 4795 Huschkel.
705 4732 729 4792 l.
753 4732 833 4794 Tab.
853 4735 879 4801 Ι.
902 4735 971 4823 Εἰς.
991 4735 1023 4806 6.

296 4835 354 4917 64)
383 4806 579 4908 Clarissimus
615 4846 776 4912 Cuvicr
811 4847 870 4920 loc.
900 4824 984 4923 iidd.
1013 4852 1389 4939 pag.18r.fett'est'ram
1422 4840 1626 4947 rotuudam
1620 4830 1722 4955 quum
1758 4860 1859 4947 nonti-
