4298 5340
935 355 1245 418 ...vn-.-

265 571 586 700 monstravit.
648 573 794 669 Haud
827 576 988 668 minus
1016 606 1209 715 omnem
1238 590 1521 699 apparatum
1552 605 1694 666 suum
1718 575 1889 666 instru-

295 797 567 874 mentorum
620 737 1076 898 microscopicorum
1125 777 1352 870 benevole
1408 779 1532 868 mihi
1583 777 1807 866 concessit
1835 766 1890 885 *.)

293 979 484 1097 Quibus
527 979 671 1070 rebus
709 977 932 1071 omnibus
978 1011 1090 1070 eum
1129 983 1180 1069 in
1224 979 1424 1071 modum
1470 1007 1548 1069 me
1589 978 1758 1067 eximia
1790 977 1890 1063 eins

102 1193 104 1200 '
172 1257 176 1264 .
292 1184 515 1273 humanit
496 1195 566 1272 tas
597 1179 850 1299 obligavit,
892 1192 978 1270 ut
991 1183 1088 1272 fere
1117 1124 1459 1301 desperandum
1492 1180 1577 1283 sit
1625 1208 1702 1267 me
1744 1148 1887 1266 iustas

294 1386 336 1474 ei
377 1399 529 1503 grates
571 1412 786 1502 unquam
825 1382 997 1473 referre
1040 1411 1204 1502 posse3
1261 1383 1354 1470 hoc
1394 1381 1627 1469 nnumin
1658 1381 1780 1468 votis
1807 1378 1888 1465 ha

193 1655 204 1675 ,
291 1583 399 1693 beu,
445 1598 525 1674 ut
536 1584 753 1676 saltem
737 1614 787 1670 m
828 1582 974 1673 hac
959 1613 1097 1703 ipsa
1089 1537 1423 1700 dissertatione
1462 1529 1624 1701 aliqua
1656 1550 1941 1733 inveniatJ
1967 1646 1970 1652 ·

292 1752 415 1902 qnae
451 1785 502 1872 in
550 1812 693 1872 suum
732 1774 1098 1904 studiorumque
1136 1813 1335 1876 suorum
1382 1810 1522 1872 usum
1563 1784 1736 1909 iterum
1779 1807 1883 1869 con-

292 1964 472 2074 vertere
504 2000 658 2104 queat.
1023 1952 1026 1959 Ι
1096 2076 1099 2081 ,
1365 2007 1405 2081 “,
1834 1966 1836 1970 ’
1878 1972 1920 2049 Ψ

392 2176 571 2299 'Neque
602 2183 762 2272 minus
795 2181 995 2300 gaudeo,
1041 2213 1117 2273 me
1153 2181 1345 2303 publice
1376 2181 1458 2273 hic
1496 2183 1656 2271 locum
1689 2191 1881 2270 nactum

288 2380 404 2485 e'sse,
430 2409 528 2497 quo
545 2369 716 2497 gratias
734 2410 916 2505 agerem
937 2374 1063 2472 Prof.
1085 2384 1343 2473 clarissimo
1357 2381 1554 2502 Mayer
1568 2413 1616 2490 ο,
1648 2386 1732 2502 qui
1768 2415 1879 2472 cum

275 2550 485 2697 semper
521 2608 657 2725 suam
698 2612 806 2700 erga
839 2528 919 2673 me
958 2581 1330 2673 benevolentiam
1372 2582 1730 2701 comprobavit,
1776 2599 1882 2671 tum
2018 2596 2021 2603 '

283 2775 507 2894 inprimis
527 2720 626 2870 iioc
656 2784 827 2930 ultimo
857 2782 1124 2876 studiorum
1162 2813 1379 2874 meorum
1425 2771 1636 2963 tempore
1693 2813 1748 2874 eo
1775 2812 1910 2909 pro-4

288 3005 469 3092 gressus
501 2996 567 3070 est
599 2927 936 3093 humanitatis
972 3002 1027 3075 ut
1062 3002 1104 3077 et
1124 2985 1361 3076 Proteum
1394 2986 1437 3071 et
1470 2953 1664 3102 magnae
1693 2980 1914 3074 testudi-

285 3176 356 3263 nis
406 3194 549 3299 caput
606 3212 659 3271 ex
708 3188 983 3276 anatomicis
1024 3150 1353 3278 Universitatis
1396 3198 1580 3275 nostrae
1623 3184 1879 3366 thesauris
1942 3256 2028 3319 g

284 3370 552 3468 dissecauda
582 3383 704 3470 mihi
743 3390 1067 3478 committeret.

384 3572 506 3701 ¹'Iam
556 3582 622 3668 nil
662 3598 829 3692 restat,
893 3617 1040 3707 quam
1075 3560 1131 3678 ut
1169 3585 1230 3678 de
1271 3558 1412 3680 nova
1436 3583 1665 3676 divisione
1703 3587 1881 3677 anima-
1941 3573 1943 3576 ’

279 3770 416 3861 lium·
442 3775 502 3865 ad
534 3778 658 3871 hauc
689 3785 878 3925 classem
911 3779 1271 3906 pertinentium,
1313 3785 1442 3876 unde
1473 3785 1754 3905 deprompta
1794 3791 1875 3886 sit,
1926 3882 1930 3907 ·,

281 3973 512 4065 rationem
558 3977 767 4073 reddam.
833 3983 915 4074 Est
952 3988 1035 4078 illa
1073 4016 1267 4108 quoque
1306 4017 1334 4075 a
1375 3986 1645 4079 Miillero
1687 4017 1875 4078 mecum

277 4208 827 4272 Ἣ
927 4264 935 4283 x

352 4421 394 4520 *)
419 4423 516 4506 Usus
537 4442 624 4512 eum
658 4456 817 4542 praeter
842 4425 974 4546 piures
1005 4437 1127 4518 lentes
1155 4387 1370 4561 adplices,
1404 4442 1658 4549 microscopio
1684 4443 1873 4552 simplici,

286 4612 297 4619 ’·
428 4619 474 4682 ex
510 4597 634 4709 tribus
663 4602 835 4684 lentibus
867 4627 1095 4704 constante,
1147 4556 1297 4716 optimo
1331 4635 1379 4686 ex
1409 4609 1556 4707 fabrica
1593 4610 1873 4693 Baumauui

399 4761 741 4867 :stuttgardiensis
763 4788 803 4849 et
832 4774 970 4851 maiori
994 4750 1247 4886 mforoscopio
1279 4780 1508 4887 composito,
1538 4779 1703 4882 anglico

212 4840 265 4971 'e
