4298 5340
1000 292 1265 392 ...Q-⁴

891 565 960 640 111.
1011 565 1378 642 PROTEIDEA.

439 743 468 787 1.
520 713 628 788 Siren
653 716 842 786 lacerttna.
894 715 944 787 Et
975 715 1033 789 in·
1047 702 1122 790 hac
1146 714 1309 790 fenestra
1336 712 1453 790 ovalis
1477 718 1659 821 operculo
1684 717 1930 820 cartilagineo

333 849 463 923 clausa
489 867 561 932 est,
588 849 648 921 uti
674 847 860 922 Cuvier
885 844 1038 922 duobus
1063 848 1154 922 locis
1181 875 1250 922 nos
1276 846 1387 925 docet
1413 844 1456 943 ⁴)-

438 1002 470 1049 a.
523 981 682 1053 Proteus
707 985 928 1081 anguineus.
980 982 1072 1055 Eius
1104 1008 1276 1084 organon
1298 981 1456 1057 auditus
1481 1002 1661 1087 exparte
1695 982 1932 1087 descriptum
2007 1068 2029 1089 f

275 1074 392 1186 *est
426 1114 469 1185 in
504 1111 740 1215 pulcerrimo
766 1098 995 1197 Rusconss
1016 1094 1425 1214 et'Configliaehi
1461 1115 1563 1191 libro
1599 1115 1647 1188 de
1672 1115 1745 1188 hoc
1770 1115 1931 1188 animali

335 1244 440 1318 edito
471 1241 511 1337 5).
572 1248 729 1319 Praeter
762 1245 958 1319 sacculum
1006 1244 1184 1318 vestibuli
1228 1271 1465 1348 massamque
1499 1247 1758 1350 amylaceam,
1812 1272 1931 1346 quam

210 1445 216 1457 ,
338 1377 530 1460 continet,
567 1377 625 1450 nil
664 1378 764 1451 clare
789 1375 973 1458 viderunt
1006 1375 1179 1466 hi·viri‚
1204 1397 1243 1454 et
1268 1377 1316 1451 de
1340 1377 1541 1453 canalibus
1563 1376 1929 1463 semicircularibus‚

337 1538 434 1584 num
449 1508 593 1593 adsint,
618 1506 812 1584 dubitant.
863 1515 1070 1613 Propterea
1096 1536 1254 1612 quoque
1280 1507 1509 1600 delineatio,
1535 1536 1655 1612 quam
1674 1508 1867 1585 dederunt
1886 1507 1928 1600 ⁶),

338 1643 499 1717 minime
524 1642 679 1726 suffieit,
705 1665 833 1745 neque
859 1641 902 1715 in
929 1641 994 1716 illa
1021 1639 1239 1745 quidquam
1262 1642 1465 1747 perspicue
1489 1640 1618 1715 videre
1642 1642 1750 1730 licet,
1778 1661 1931 1745 praeter

234 1828 237 1834 ·
339 1775 547 1850 introitum
583 1775 693 1848 nervi
737 1775 895 1849 aeustici
933 1774 976 1848 in
1010 1776 1256 1851 vestibulum.
1306 1773 1596 1850 ·Blainville
1626 1773 1657 1867 7)
1698 1774 1932 1849 vestibulum

313 1936 427 1999 „cum
454 1906 656 1983 canalibus
679 1906 1030 1982 semicircularibus
1055 1925 1145 1997 eto,
1171 1908 1420 2010 quum-bene
1440 1907 1698 2012 descripserit,
1725 1907 1931 1982 fenestram

310 2027 484 2126 ‘ovalem
523 2068 607 2119 una
644 2067 734 2135 eum
771 2042 973 2145 operculo,
1009 2040 1115 2144 quod
1150 2042 1294 2132 miror,
1330 2068 1412 2117 non
1443 2039 1552 2116 vidit.
1603 2038 1729 2113 Pohl
1755 2037 1789 2134 8)
1829 2039 1932 2114 hanc

337 2198 420 2246 rem
451 2172 597 2276 optime,
629 2190 669 2246 et
700 2169 901 2277 descripsit
933 2193 973 2248 et
1007 2173 1195 2278 depinxit.
1254 2174 1472 2252 Novissimis
1510 2174 1666 2251 tandem
1692 2171 1932 2276 temporibus

336 2288 573 2380 Bresohet
597 2306 782 2393 affirmat,
810 2308 994 2381 Proteum
1031 2304 1175 2380 habere
1201 2333 1329 2384 unum
1359 2306 1600 2384 solummodo
1625 2309 1798 2384 canalem
1822 2305 1932 2379 semi-

227 2510 230 2514 .
337 2439 581 2516 circularem.
640 2437 712 2514 Sed
748 2437 855 2513 hune
893 2439 970 2513 iam
996 2441 1173 2515 Cuvier
1198 2437 1230 2534 9)
1274 2438 1322 2519 de¹
1361 2442 1409 2516 iis
1443 2443 1644 2516 certiorem
1676 2440 1787 2527 fecit,
1832 2463 1932 2545 quae
1984 2469 1991 2481 ·

336 2574 442 2646 Blai
458 2573 620 2656 nville,
641 2598 685 2648 ac
710 2571 832 2646 Pohl
858 2572 972 2645 aliter
1005 2571 1080 2667 hac
1115 2571 1163 2646 de
1189 2599 1229 2646 re
1252 2592 1479 2649 statuerant.
1532 2573 1643 2669 Quae
1666 2571 1849 2674 equidem
1874 2568 1933 2643 in·

337 2706 424 2779 veni
450 2705 658 2799 maximam
682 2724 834 2810 partem
859 2731 950 2802 oum
974 2703 1148 2779 Pohlii
1175 2703 1433 2812 descriptione
1458 2724 1680 2782 consonant.

317 2862 321 2868 ·
436 2833 539 2911 Situs
574 2837 724 2941 Organi
764 2837 926 2913 unditus.
989 2841 1057 2946 In*
1071 2837 1273 2926 omnibus,
1316 2867 1416 2944 quae
1449 2840 1499 2914 ad
1532 2837 1776 2942 osteologiam
1813 2839 1932 2916 huius

337 2970 462 3046 classis
500 2971 733 3046 animalium
768 2971 987 3077 pertinent,
1034 2971 1252 3065 meliorem,
1292 3000 1411 3074 quam
1434 2972 1700 3048 Cuvierum
1733 2989 1932 3048 auctorem

295 3167 299 3174 .
326 3105 446 3206 vsequi
484 3105 758 3211 nonupossum·
778 3192 785 3203 ¹
803 3105 954 3208 -Neque
979 3103 1194 3181 Rusconi
1219 3130 1346 3209 neque
1372 3103 1490 3180 Pohl
1518 3104 1560 3179 in
1586 3101 1846 3180 delineatione
1871 3131 1931 3179 ea-

247 3269 252 3277 ·
337 3239 447 3342 pitis,
480 3238 555 3312 alia
582 3237 733 3312 ratione
758 3236 923 3342 optima,
964 3256 1116 3316 suturas
1141 3257 1342 3316 notarunt
1392 3238 1518 3314 Omne
1542 3235 1617 3311 hoc
1643 3263 1817 3338 organon
1842 3263 1932 3314 con-

397 3597 436 3673 4)
458 3594 698 3664 Alexander
729 3619 807 3660 von
831 3596 1055 3663 Humboldt
1077 3597 1333 3679 'Beotactnmgen
1365 3615 1419 3656 aus
1448 3595 1504 3655 der
1524 3594 1669 3676 Zoologie
1707 3592 1772 3654 und
1802 3592 1929 3685 oerglet'-

327 3692 331 3697 ’
462 3715 595 3776 chenden
615 3715 786 3783 Anatomie.
832 3716 990 3798 Tir'bingen
1014 3713 1101 3782 1806.
1131 3735 1163 3798 p,
1188 3712 1256 3782 183.
1298 3713 1453 3781 Cuvier
1480 3703 1544 3774 sur
1564 3713 1606 3773 les
1625 3730 1782 3774 osssemeru
1795 3708 1931 3790 fissiles.

270 3810 309 3869 Ψ
459 3830 550 3902 Τοῖα.
565 3835 605 3895 V.
629 3856 667 3918 p.
655 3835 749 3914 .423.
766 3832 810 3916 pl.
822 3832 960 3896 XXVll.
984 3831 1053 3916 Fig
1069 3853 1096 3893 t.
1114 3855 1142 3894 e
1709 3918 1714 3926 ·

400 3949 436 4024 5)
455 3946 521 4010 Del
539 3946 666 4011 Proteo
670 3952 801 4032 angtdno
804 3950 859 4012 di
877 3924 1024 4012 Laurenti
1042 3942 1254 4035 monografia
1265 3927 1383 4009 Pdviu
1400 3945 1490 4031 t8.19
1508 3966 1611 4030 ppo.
1683 3928 1702 4037 δ’
1778 4028 1781 4033 ι

402 4065 757 4149 otTab.1v.Fig..4
913 4052 933 4079 ”
1061 4059 1101 4097 ‘³
1316 4084 1354 4097 ·’
1807 4056 1811 4063 ’

404 4189 436 4268 7)
459 4178 616 4268 Pr'tiret'per
635 4183 835 4247 d'Anatomte
853 4186 1020 4268 comparer.
1061 4185 1150 4246 Tom.
1166 4183 1192 4246 l.
1220 4203 1250 4266 p.
1267 4182 1338 4266 549.

400 4299 436 4384 8)
456 4298 620 4382 Expositio
639 4300 788 4384 generalis
809 4304 915 4386 organi
937 4301 1069 4364 auditus.
1094 4323 1161 4384 pag
1170 4321 1201 4384 9.

387 4496 390 4501 ¹
399 4417 596 4503 5))Ηαρρονι
610 4419 721 4498 fait
706 4441 727 4479 a
751 4419 940 4481 l'Academze
1077 4417 1138 4478 de
1151 4418 1296 4497 perennes
1292 4413 1351 4476 du
1376 4413 1407 4483 6.
1422 4412 1506 4500 Sept.
1532 4410 1623 4480 1830.
1646 4431 1702 4474 sut·
1730 4432 1777 4472 un.
1789 4411 1933 4470 mentone

459 4533 500 4594 de
520 4534 586 4595 Mr.
598 4537 642 4599 Μ.
654 4535 862 4610 Rresehet'
857 4416 1119 4618 'un-xnus
1144 4532 1196 4595 de
1213 4531 1374 4594 l'andr'et’on
1397 4530 1450 4592 des
1464 4531 1614 4616 pontons
1623 4548 1690 4614 par
1706 4523 1934 4589 Mussurier

461 4662 491 4709 et
513 4649 709 4714 Dumeril.
750 4652 893 4714 Annales
906 4653 960 4717 dar
983 4653 1113 4714 wisurae
1139 4649 1303 4712 metelle
1267 4670 1419 4813 par
1416 4647 1629 4720 Audouin',
1646 4641 1885 4726 erogatam
1907 4651 1936 4701 et

459 4765 611 4830 Dumas
639 4770 729 4837 Tom.
744 4770 834 4833 xxl
855 4748 1248 4854 Sept.183o...·pngdtr.;
1512 4790 1536 4825 ν·
1557 4788 1565 4822 .·
1597 4787 1620 4819 ·,-
1703 4811 1707 4817 .
1766 4758 1874 4875 Q*

1865 4976 1869 4981 ,
1944 4892 1982 4963 s
