4298 5340
886 318 1188 423 ’,ζμ-,37-

736 599 808 706 Β.’
845 607 1051 759 ὈοςῙιΙεα
1084 540 1329 759 Crocodilt'.

338 816 491 891 Primus
515 815 692 890 Cuvier
724 813 807 921 eius
840 833 879 889 et
909 813 1031 889 sitnm
1057 830 1096 887 ct
1123 796 1271 919 partim
1299 813 1417 890 etiam
1442 813 1642 889 internam
1662 833 1874 895 structu·
1899 815 1902 821 ’
1983 780 2033 805 ’ᾗ

236 970 323 1020 ram
351 946 555 1051 descripsit
601 951 652 1021 In
679 965 785 1022 tomo
808 945 977 1023 secundo
1000 946 1218 1021 anatomiae
1244 964 1505 1053 comparatae,
1532 973 1606 1023 esse
1631 973 1714 1046 eam
1742 978 1832 1026 con·
1865 938 1888 987 ⁰
1947 980 1964 1020 s
2062 1008 2067 1013 .

241 1079 523 1169 tinuationem,
548 1079 704 1180 inquit,
730 1080 827 1153 sacci
853 1080 1050 1167 vestibuli,
1079 1072 1228 1181 duplici
1262 1098 1377 1182 septo
1395 1079 1681 1180 cartilaginea
1669 1109 1712 1155 m
1738 1082 1833 1160 duas
2049 1120 2068 1145 0
2119 1158 2137 1205 q

239 1196 355 1311 scalas
381 1210 562 1296 divisam3
597 1239 765 1313 quarum
791 1216 911 1286 altera
936 1239 1026 1286 cum
1048 1239 1152 1286 sacco
1178 1212 1455 1302 communicet,
1490 1211 1609 1285 altera
1642 1239 1760 1318 super
1793 1240 1843 1290 se

153 1406 156 1412 .
241 1342 364 1446 ipsam
388 1341 527 1415 reflexa
553 1368 670 1445 parvo
695 1341 884 1417 foramine
911 1343 1134 1418 membrana
1162 1343 1288 1418 clauso
1306 1343 1476 1418 finiatur.
1502 1343 1730 1446 Disquisitio
1749 1370 1838 1453 mea*
1921 1316 1942 1433 i,
2038 1405 2040 1409 ψ

241 1471 538 1562 demonstrabit,
564 1473 759 1548 cochleam
772 1473 984 1570 Crocodili,
1010 1474 1245 1569 utomnium
1262 1473 1570 1577 amphibiorum,
1606 1497 1758 1579 praeter
1784 1496 1837 1552 te-

238 1605 457 1696 studinem,
483 1625 633 1711 partem
659 1634 681 1680 a
706 1633 814 1682 sacco
839 1607 1017 1682 vestibuli
1043 1607 1158 1710 plane
1186 1603 1386 1682 discretam
1404 1606 1606 1709 nervisque
1631 1608 1837 1689 soliacum
1863 1628 1882 1669 ἐ·

364 1999 528 2061 cavitatem
550 2018 661 2079 parvus
674 1997 797 2080 quidam
813 1995 954 2059 cerebelli
972 1996 1074 2072 lubus,
1096 1984 1196 2059 floccis
1206 2015 1266 2055 non
1290 1994 1459 2071 dissimilis,
1482 1972 1864 2079 intratetangustissimis³⁶

362 2114 406 2173 ab
426 2135 511 2174 osseo
536 2117 652 2195 pariete
679 2113 895 2196 canalibusque
916 2117 986 2196 ipsis
1016 2123 1188 2173 coarctatur
1218 2100 1360 2171 linibus.v
1390 2113 1462 2188 Qua
1488 2110 1582 2171 dere
1614 2113 1646 2170 in
1668 2112 1777 2173 avibus
1798 2111 1843 2172 nil
1968 2090 1971 2097 Ι

367 2239 470 2288 monet
486 2228 646 2303 Flcurens,
669 2249 731 2289 non
752 2228 824 2288 item
845 2231 877 2287 in
896 2227 1060 2303 cuniculis,
1083 2227 1136 2287 ubi
1161 2208 1223 2308 ipse
1243 2228 1375 2303 monuit,
1396 2227 1499 2286 adesse
1519 2224 1610 2287 talem
1634 2204 1774 2288 cerebelli
1791 2216 1852 2295 lffl
1925 2234 1947 2311 .'
1982 2254 1988 2269 ⁴
2009 2301 2012 2305 ι

365 2343 475 2403 bulum
496 2392 505 2420 ,
530 2346 582 2425 qui
607 2348 691 2427 quasi
706 2343 820 2404 annulo
840 2343 967 2407 scandi
988 2343 1124 2440 perticali
1146 2344 1287 2402 anteriori
1302 2320 1552 2416 circumdaretur,
1576 2354 1619 2402 tta
1639 2355 1674 2402 ut
1693 2347 1844 2429 (quelques
1910 2316 1947 2373 ’.ᾧ
1994 2330 2032 2387 ³4..

361 2461 554 2541 praecautione
570 2483 627 2544 qne
640 2461 704 2540 j’at'
719 2463 829 2544 prices)
842 2459 1160 2542 prorsusimpossibile
1171 2461 1199 2518 ei
1212 2459 1303 2518 suerit
1323 2442 1459 2521 reiecere
1474 2457 1611 2519 canalem
1632 2461 1697 2517 sine
1709 2457 1842 2538 laesione
1861 2462 1865 2467 ’
1939 2448 1948 2499 ῗ
2063 2434 2069 2443 ³

368 2572 465 2634 lcbnli
493 2576 587 2641 istius.
631 2578 759 2639 Accedit
779 2579 1097 2659 experimentatorem,
1117 2596 1214 2657 quum
1233 2573 1331 2635 solum
1352 2585 1510 2634 externum
1532 2571 1686 2634 canalium
1698 2575 1845 2654 parietem

352 2687 489 2751 »tolleret
507 2691 708 2775 naualemque
740 2692 892 2754 inclusum
908 2694 1170 2754 membranaceum
1194 2713 1250 2751 acu
1271 2690 1414 2751 tunderet
1434 2702 1465 2751 et
1485 2692 1619 2750 irritaret
1638 2690 1749 2764 (minor
1768 2700 1843 2765 tunc

365 2805 509 2866 canalem
525 2810 793 2883 membranaceum
805 2810 903 2870 solum
925 2812 989 2870 sine
1006 2794 1110 2882 osseo,
1133 2807 1173 2870 ab
1193 2827 1249 2884 eo,
1273 2805 1365 2888 quod·
1381 2803 1523 2865 facillime
1543 2805 1614 2864 fieri
1629 2804 1761 2885 poterit,
1792 2825 1844 2866 re·

366 2933 482 2983 sectum
502 2931 651 3002 nonesse)
663 2925 800 2989 dolorem
822 2927 943 3009 quidem
963 2923 1261 2988 vehementissimum
1281 2919 1393 3014 animal
1415 2923 1558 2996 sensisse,
1594 2919 1646 2979 sed
1670 2921 1842 3025 mptionum
1988 3004 1992 3013 .

367 3038 491 3099 illarum
515 3038 665 3101 levissima
686 3053 806 3104 tantum
825 3045 950 3124 vestigia
980 3043 1133 3117 extitisse,
1162 3039 1333 3099 amotibus
1354 3039 1562 3111 voluntariis,
1579 3038 1622 3094 uti
1639 3028 1737 3116 puto,
1763 3047 1844 3098 certe
1895 3111 1896 3114 Ἴ
1962 3028 1985 3081 li
2011 3023 2017 3029 ’
2061 3114 2070 3123 -

370 3154 549 3216 difficillime
571 3158 890 3240 discuciendam
914 3160 1024 3240 quibus
1047 3157 1188 3217 omnibus
1203 3175 1385 3239 persuasum
1402 3153 1477 3212 mihi
1499 3152 1597 3213 habeo
1619 3155 1844 3239 experimenta

371 3284 487 3342 torem
516 3273 640 3354 qtando
670 3297 731 3336 uno
751 3277 815 3337 ictu
842 3274 978 3336 canalem
999 3288 1119 3334 osseum
1140 3293 1211 3332 cum
1232 3269 1462 3330 membranaceo
1483 3269 1662 3347 dissecaret,
1692 3234 1845 3353 (jurediet‘
1942 3312 1949 3321 --

362 3408 398 3464 Jc
424 3387 538 3447 nt'etais
571 3389 666 3449 borne'
692 3395 714 3452 ὰ
716 3388 844 3489 ψη(
866 3405 928 3452 tout
951 3391 993 3451 (Γ
994 3413 1034 3451 (ιη
1064 3411 1137 3472 caup
1165 3391 1196 3448 la
1220 3390 1329 3448 section
1363 3387 1415 3446 des
1438 3408 1560 3446 caneux
1587 3384 1844 3457 senticircnlaires)
1921 3458 1928 3471 .

318 3501 320 3504 ’
368 3500 459 3560 simul
482 3502 643 3563 sectionem
669 3476 794 3566 lobtili'
780 3507 870 3566 istius
891 3507 1029 3567 cerebelli
1059 3507 1245 3581 instituisse;
1283 3504 1402 3585 quod
1395 3506 1431 3563 ris
1465 3503 1632 3576 constabit,
1673 3502 1725 3584 qui
1751 3500 1842 3563 semel

371 3620 572 3679 arctissimam
591 3614 799 3707 confinitatccn
826 3644 929 3683 earum
952 3625 1083 3704 partium
1121 3625 1183 3683 suis
1207 3618 1303 3680 oculis
1324 3618 1468 3680 viderunt
1497 3604 1527 3680 et
1555 3623 1678 3700 insuper
1701 3620 1842 3681 conside-

373 3746 464 3810 rant,
496 3756 590 3816 quam
622 3716 806 3805 difficilifi‘it
825 3741 857 3798 in
880 3739 1063 3799 disserendis
1084 3736 1205 3797 cultello
1236 3737 1353 3797 ossibus
1375 3749 1462 3796 cauta
1483 3757 1575 3794 manu
1597 3733 1712 3794 nullam
1734 3734 1842 3810 aliam,

370 3871 463 3933 qnam
486 3871 554 3910 eam
575 3853 669 3933 ipsam
691 3866 819 3935 partem,
844 3876 934 3936 qnam
956 3855 1102 3914 dissecare
1126 3851 1285 3927 volumus,
1307 3864 1460 3911 truncare.
1506 3851 1569 3907 lam
1589 3850 1627 3908 ad
1650 3849 1728 3908 hanc
1744 3871 1843 3910 meam

377 3971 561 4037 vsententiam
581 3971 821 4030 confirmandam
842 3974 891 4031 vix
914 3993 989 4052 opus
1009 3962 1066 4043 es't,
1106 3969 1143 4027 de
1165 3967 1217 4027 illa
1237 3987 1360 4026 monere
1381 3967 1487 4024 eximia
1510 3959 1729 4042 similitudine,
1765 3987 1843 4047 qnae

376 4095 456 4142 extat
482 4087 561 4144 inter
583 4098 725 4145 eventum
748 4088 857 4148 horum
872 4089 1044 4148 Flourensr'i
1063 4087 1336 4166 experimentorum
1359 4079 1528 4162 illumque,
1564 4101 1656 4161 quem
1682 4081 1845 4161 Magendic

377 4198 490 4270 (Precis
512 4204 702 4264 elementatus
722 4205 760 4264 dc
776 4206 968 4284 Plrystblogie
990 4205 1070 4262 Tum
1093 4203 1119 4268 l,
1144 4223 1211 4283 pag.
1234 4197 1303 4276 543.
1329 4197 1402 4257 edit.
1424 4197 1481 4278 ll.)
1502 4196 1596 4273 vidit,
1620 4200 1643 4255 si
1662 4194 1847 4259 cerebellum

376 4316 461 4374 varia
476 4320 593 4389 ratione
613 4331 758 4380 secuerat.
799 4318 941 4399 illudque
964 4321 1062 4399 ipsum
1083 4318 1124 4376 ibi
1147 4317 1279 4376 occurrit
1298 4317 1447 4397 motiones
1467 4311 1665 4388 animalium,
1687 4315 1848 4393 prosatio·

374 4453 413 4490 ne
435 4436 574 4495 sectionis
596 4436 741 4508 diversas,
766 4458 827 4496 non
839 4438 939 4497 statim
962 4435 1131 4501 evanuisse,
1155 4432 1207 4493 sed
1225 4453 1280 4514 per
1299 4429 1403 4507 horas,
1425 4420 1519 4487 immo
1537 4450 1591 4508 per
1620 4427 1684 4521 dies
1705 4429 1848 4509 septima-

375 4528 491 4628 nasque
512 4544 653 4619 durasse,
678 4573 777 4633 neque
797 4575 851 4634 per
884 4562 1073 4612 momentum
1093 4550 1238 4629 temporis
1261 4536 1409 4618 cessasse,¹
1437 4547 1506 4604 'nisi'
1538 4554 1661 4603 externo
1692 4542 1847 4604 obstaculo

377 4664 525 4742 admoto,
557 4668 639 4748 quod
671 4668 777 4728 iisdem
800 4667 862 4728 lere
896 4667 996 4729 verbis
1020 4667 1167 4725 Flourens
1190 4665 1229 4724 de
1249 4666 1317 4724 suis·
1337 4662 1561 4744 experimentis
1593 4660 1696 4741 (Tom.
1724 4661 1793 4722 XV.
1816 4682 1849 4744 p.

381 4781 462 4856 ((5).
478 4782 578 4842 refert.
1724 4774 1727 4781 ’
