<?xml version="1.0" encoding="UTF-8"?>
<!DOCTYPE html PUBLIC "-//W3C//DTD XHTML 1.0 Transitional//EN"
    "http://www.w3.org/TR/xhtml1/DTD/xhtml1-transitional.dtd">
<html xmlns="http://www.w3.org/1999/xhtml" xml:lang="en" lang="en">
 <head>
  <title>
</title>
<meta http-equiv="Content-Type" content="text/html;charset=utf-8" />
  <meta name='ocr-system' content='tesseract 3.04.00' />
  <meta name='ocr-capabilities' content='ocr_page ocr_carea ocr_par ocr_line ocrx_word'/>
</head>
<body>
  <div class='ocr_page' id='page_1' title='image "./depenitioriauri00windgoog_0031.png"; bbox 0 0 4208 5348; ppageno 0'>
   <div class='ocr_carea' id='block_1_1' title="bbox 894 332 1195 423">
    <p class='ocr_par' dir='ltr' id='par_1_1' title="bbox 894 332 1195 423">
     <span class='ocr_line' id='line_1_1' title="bbox 894 332 1195 423; baseline -0.003 -19"><span class='ocrx_word' id='word_1_1' title='bbox 894 332 1195 423; x_wconf 69' lang='lat'>...13-</span> 
     </span>
    </p>
   </div>
   <div class='ocr_carea' id='block_1_2' title="bbox 138 564 1950 3349">
    <p class='ocr_par' dir='ltr' id='par_1_2' title="bbox 138 564 1950 3349">
     <span class='ocr_line' id='line_1_2' title="bbox 161 564 1854 697; baseline -0.002 -28"><span class='ocrx_word' id='word_1_2' title='bbox 161 564 164 569; x_wconf 22' lang='grc' dir='ltr'>Ι</span> <span class='ocrx_word' id='word_1_3' title='bbox 248 594 422 695; x_wconf 81' lang='lat' dir='ltr'><strong>longum.</strong></span> <span class='ocrx_word' id='word_1_4' title='bbox 483 594 627 669; x_wconf 84' lang='lat' dir='ltr'><strong>Aurem</strong></span> <span class='ocrx_word' id='word_1_5' title='bbox 661 590 854 670; x_wconf 86' lang='lat' dir='ltr'><strong>Crocodili</strong></span> <span class='ocrx_word' id='word_1_6' title='bbox 883 592 1170 673; x_wconf 82' lang='lat' dir='ltr'><strong>accuratissime</strong></span> <span class='ocrx_word' id='word_1_7' title='bbox 1194 585 1417 697; x_wconf 88' lang='lat' dir='ltr'><strong>optimeque</strong></span> <span class='ocrx_word' id='word_1_8' title='bbox 1441 585 1628 679; x_wconf 85' lang='lat' dir='ltr'><strong>Cuvier</strong></span> <span class='ocrx_word' id='word_1_9' title='bbox 1654 584 1854 695; x_wconf 82' lang='lat' dir='ltr'><strong>descripsit</strong></span> 
     </span>
     <span class='ocr_line' id='line_1_3' title="bbox 162 702 1856 829; baseline 0 -34"><span class='ocrx_word' id='word_1_10' title='bbox 162 768 167 773; x_wconf 97' lang='lat'>-</span> <span class='ocrx_word' id='word_1_11' title='bbox 232 722 399 827; x_wconf 85' lang='lat' dir='ltr'><strong>¹partim</strong></span> <span class='ocrx_word' id='word_1_12' title='bbox 436 720 479 797; x_wconf 90' lang='lat' dir='ltr'><strong>in</strong></span> <span class='ocrx_word' id='word_1_13' title='bbox 512 720 680 798; x_wconf 86' lang='lat' dir='ltr'><strong>secunda</strong></span> <span class='ocrx_word' id='word_1_14' title='bbox 717 743 827 828; x_wconf 88' lang='lat' dir='ltr'><strong>parte</strong></span> <span class='ocrx_word' id='word_1_15' title='bbox 848 725 1071 803; x_wconf 83' lang='lat' dir='ltr'><strong>anatomiae</strong></span> <span class='ocrx_word' id='word_1_16' title='bbox 1093 702 1355 829; x_wconf 87' lang='lat' dir='ltr'><strong>comparatae,</strong></span> <span class='ocrx_word' id='word_1_17' title='bbox 1382 716 1526 826; x_wconf 86' lang='lat' dir='ltr'><strong>partim</strong></span> <span class='ocrx_word' id='word_1_18' title='bbox 1554 718 1597 796; x_wconf 86' lang='lat' dir='ltr'><strong>in</strong></span> <span class='ocrx_word' id='word_1_19' title='bbox 1623 718 1856 824; x_wconf 85' lang='lat' dir='ltr'><strong>disquisitio-</strong></span> 
     </span>
     <span class='ocr_line' id='line_1_4' title="bbox 173 851 1857 963; baseline -0.001 -35"><span class='ocrx_word' id='word_1_20' title='bbox 173 886 178 893; x_wconf 96' lang='lat'>·</span> <span class='ocrx_word' id='word_1_21' title='bbox 217 890 226 917; x_wconf 63' lang='lat' dir='ltr'><strong>r</strong></span> <span class='ocrx_word' id='word_1_22' title='bbox 260 851 377 928; x_wconf 87' lang='lat' dir='ltr'><strong>nibus</strong></span> <span class='ocrx_word' id='word_1_23' title='bbox 402 852 450 929; x_wconf 92' lang='lat' dir='ltr'><strong>de</strong></span> <span class='ocrx_word' id='word_1_24' title='bbox 470 855 620 929; x_wconf 85' lang='lat' dir='ltr'><strong>ossibus</strong></span> <span class='ocrx_word' id='word_1_25' title='bbox 643 855 836 933; x_wconf 83' lang='lat' dir='ltr'><strong>fossilibus</strong></span> <span class='ocrx_word' id='word_1_26' title='bbox 854 854 925 952; x_wconf 84' lang='lat'><strong>⁵⁵);</strong></span> <span class='ocrx_word' id='word_1_27' title='bbox 963 861 1144 963; x_wconf 86' lang='lat' dir='ltr'><strong>Scarpa</strong></span> <span class='ocrx_word' id='word_1_28' title='bbox 1165 853 1214 951; x_wconf 72' lang='grc'><strong>56)</strong></span> <span class='ocrx_word' id='word_1_29' title='bbox 1248 853 1374 932; x_wconf 85' lang='lat' dir='ltr'><strong>obiter</strong></span> <span class='ocrx_word' id='word_1_30' title='bbox 1398 852 1656 956; x_wconf 80' lang='lat' dir='ltr'><strong>eamtangit,</strong></span> <span class='ocrx_word' id='word_1_31' title='bbox 1687 876 1857 956; x_wconf 85' lang='lat' dir='ltr'><strong>cumque</strong></span> 
     </span>
     <span class='ocr_line' id='line_1_5' title="bbox 236 978 1858 1067; baseline 0.001 -9"><span class='ocrx_word' id='word_1_32' title='bbox 236 978 457 1061; x_wconf 85' lang='lat' dir='ltr'><strong>¹testudinis</strong></span> <span class='ocrx_word' id='word_1_33' title='bbox 481 985 562 1059; x_wconf 89' lang='lat' dir='ltr'><strong>fere</strong></span> <span class='ocrx_word' id='word_1_34' title='bbox 586 984 748 1063; x_wconf 86' lang='lat' dir='ltr'><strong>eandem</strong></span> <span class='ocrx_word' id='word_1_35' title='bbox 771 1014 849 1064; x_wconf 87' lang='lat' dir='ltr'><strong>esse</strong></span> <span class='ocrx_word' id='word_1_36' title='bbox 869 990 1052 1066; x_wconf 80' lang='lat' dir='ltr'><strong>affirmat.</strong></span> <span class='ocrx_word' id='word_1_37' title='bbox 1087 989 1396 1067; x_wconf 88' lang='lat' dir='ltr'><strong>Delineationem</strong></span> <span class='ocrx_word' id='word_1_38' title='bbox 1422 986 1504 1063; x_wconf 88' lang='lat' dir='ltr'><strong>eius</strong></span> <span class='ocrx_word' id='word_1_39' title='bbox 1530 985 1572 1061; x_wconf 93' lang='lat' dir='ltr'><strong>in</strong></span> <span class='ocrx_word' id='word_1_40' title='bbox 1590 985 1724 1064; x_wconf 87' lang='lat' dir='ltr'><strong>cranio</strong></span> <span class='ocrx_word' id='word_1_41' title='bbox 1745 985 1858 1061; x_wconf 90' lang='lat' dir='ltr'><strong>disse·</strong></span> 
     </span>
     <span class='ocr_line' id='line_1_6' title="bbox 156 1112 1855 1226; baseline 0.002 -37"><span class='ocrx_word' id='word_1_42' title='bbox 156 1152 175 1225; x_wconf 30' lang='grc' dir='ltr'><strong>ᾗ,</strong></span> <span class='ocrx_word' id='word_1_43' title='bbox 256 1135 318 1191; x_wconf 92' lang='lat' dir='ltr'><strong>cto</strong></span> <span class='ocrx_word' id='word_1_44' title='bbox 345 1140 471 1219; x_wconf 89' lang='lat' dir='ltr'><strong>neque</strong></span> <span class='ocrx_word' id='word_1_45' title='bbox 502 1117 780 1210; x_wconf 84' lang='lat' dir='ltr'><strong>sufficientem,</strong></span> <span class='ocrx_word' id='word_1_46' title='bbox 814 1143 940 1224; x_wconf 85' lang='lat' dir='ltr'><strong>neque</strong></span> <span class='ocrx_word' id='word_1_47' title='bbox 970 1140 1194 1197; x_wconf 86' lang='lat' dir='ltr'><strong>accuratam</strong></span> <span class='ocrx_word' id='word_1_48' title='bbox 1225 1146 1301 1197; x_wconf 86' lang='lat' dir='ltr'><strong>esse</strong></span> <span class='ocrx_word' id='word_1_49' title='bbox 1334 1137 1442 1226; x_wconf 90' lang='lat' dir='ltr'><strong>puto.</strong></span> <span class='ocrx_word' id='word_1_50' title='bbox 1492 1116 1778 1194; x_wconf 82' lang='lat' dir='ltr'><strong>Blainville</strong></span> <span class='ocrx_word' id='word_1_51' title='bbox 1804 1112 1855 1211; x_wconf 75' lang='lat'><strong>57)</strong></span> 
     </span>
     <span class='ocr_line' id='line_1_7' title="bbox 254 1247 1858 1360; baseline -0.001 -37"><span class='ocrx_word' id='word_1_52' title='bbox 254 1274 338 1323; x_wconf 90' lang='lat' dir='ltr'><strong>non</strong></span> <span class='ocrx_word' id='word_1_53' title='bbox 363 1249 492 1325; x_wconf 89' lang='lat' dir='ltr'><strong>minus</strong></span> <span class='ocrx_word' id='word_1_54' title='bbox 517 1248 643 1329; x_wconf 85' lang='lat' dir='ltr'><strong>brevis</strong></span> <span class='ocrx_word' id='word_1_55' title='bbox 663 1269 723 1327; x_wconf 87' lang='lat' dir='ltr'><strong>est</strong></span> <span class='ocrx_word' id='word_1_56' title='bbox 746 1252 793 1328; x_wconf 90' lang='lat' dir='ltr'><strong>in</strong></span> <span class='ocrx_word' id='word_1_57' title='bbox 826 1278 899 1327; x_wconf 84' lang='lat' dir='ltr'><strong>sua</strong></span> <span class='ocrx_word' id='word_1_58' title='bbox 922 1251 1200 1360; x_wconf 84' lang='lat' dir='ltr'><strong>descriptione,</strong></span> <span class='ocrx_word' id='word_1_59' title='bbox 1234 1278 1360 1357; x_wconf 89' lang='lat' dir='ltr'><strong>quum</strong></span> <span class='ocrx_word' id='word_1_60' title='bbox 1384 1248 1434 1324; x_wconf 90' lang='lat' dir='ltr'><strong>ad</strong></span> <span class='ocrx_word' id='word_1_61' title='bbox 1465 1247 1698 1327; x_wconf 81' lang='lat' dir='ltr'><strong>testudinem</strong></span> <span class='ocrx_word' id='word_1_62' title='bbox 1734 1248 1858 1323; x_wconf 89' lang='lat' dir='ltr'><strong>omni-</strong></span> 
     </span>
     <span class='ocr_line' id='line_1_8' title="bbox 181 1378 1858 1487; baseline 0 -34"><span class='ocrx_word' id='word_1_63' title='bbox 181 1400 184 1405; x_wconf 89' lang='grc'><strong><em>·</em></strong></span> <span class='ocrx_word' id='word_1_64' title='bbox 254 1406 307 1455; x_wconf 89' lang='lat' dir='ltr'><strong>nc</strong></span> <span class='ocrx_word' id='word_1_65' title='bbox 334 1378 511 1487; x_wconf 86' lang='lat' dir='ltr'><strong>respiciat</strong></span> <span class='ocrx_word' id='word_1_66' title='bbox 520 1413 531 1474; x_wconf 78' lang='lat'>3</span> <span class='ocrx_word' id='word_1_67' title='bbox 555 1380 734 1457; x_wconf 81' lang='lat' dir='ltr'>cochleae</span> <span class='ocrx_word' id='word_1_68' title='bbox 757 1407 809 1457; x_wconf 91' lang='lat' dir='ltr'><strong>ne</strong></span> <span class='ocrx_word' id='word_1_69' title='bbox 826 1383 1065 1461; x_wconf 83' lang='lat' dir='ltr'><strong>mentionem</strong></span> <span class='ocrx_word' id='word_1_70' title='bbox 1090 1383 1250 1475; x_wconf 77' lang='lat' dir='ltr'><strong>quidem</strong></span> <span class='ocrx_word' id='word_1_71' title='bbox 1276 1382 1423 1472; x_wconf 71' lang='lat' dir='ltr'><strong>inficit,</strong></span> <span class='ocrx_word' id='word_1_72' title='bbox 1448 1380 1560 1456; x_wconf 89' lang='lat' dir='ltr'><strong>cuius</strong></span> <span class='ocrx_word' id='word_1_73' title='bbox 1584 1380 1778 1456; x_wconf 84' lang='lat' dir='ltr'><strong>tamenin</strong></span> <span class='ocrx_word' id='word_1_74' title='bbox 1805 1380 1858 1453; x_wconf 90' lang='lat' dir='ltr'><strong>la·</strong></span> 
     </span>
     <span class='ocr_line' id='line_1_9' title="bbox 253 1498 1858 1623; baseline -0.001 -37"><span class='ocrx_word' id='word_1_75' title='bbox 253 1511 389 1602; x_wconf 86' lang='lat' dir='ltr'><strong>certis,</strong></span> <span class='ocrx_word' id='word_1_76' title='bbox 421 1510 514 1589; x_wconf 91' lang='lat' dir='ltr'><strong>licet</strong></span> <span class='ocrx_word' id='word_1_77' title='bbox 537 1512 666 1591; x_wconf 89' lang='lat' dir='ltr'><strong>multo</strong></span> <span class='ocrx_word' id='word_1_78' title='bbox 697 1512 830 1595; x_wconf 85' lang='lat' dir='ltr'><strong>minus</strong></span> <span class='ocrx_word' id='word_1_79' title='bbox 854 1514 1048 1623; x_wconf 76' lang='lat' dir='ltr'><strong>perfectae</strong></span> <span class='ocrx_word' id='word_1_80' title='bbox 1067 1515 1260 1601; x_wconf 72' lang='lat' dir='ltr'><strong>,meminit</strong></span> <span class='ocrx_word' id='word_1_81' title='bbox 1310 1498 1514 1608; x_wconf 73' lang='lat' dir='ltr'>P0h158)</span> <span class='ocrx_word' id='word_1_82' title='bbox 1540 1511 1604 1587; x_wconf 92' lang='lat' dir='ltr'><strong>cui</strong></span> <span class='ocrx_word' id='word_1_83' title='bbox 1632 1510 1703 1615; x_wconf 88' lang='lat' dir='ltr'><strong>ipsi</strong></span> <span class='ocrx_word' id='word_1_84' title='bbox 1730 1536 1858 1586; x_wconf 89' lang='lat' dir='ltr'><strong>croco·</strong></span> 
     </span>
     <span class='ocr_line' id='line_1_10' title="bbox 156 1641 1859 1754; baseline -0.002 -35"><span class='ocrx_word' id='word_1_85' title='bbox 156 1646 159 1651; x_wconf 79' lang='grc'><strong>’</strong></span> <span class='ocrx_word' id='word_1_86' title='bbox 254 1642 382 1720; x_wconf 90' lang='lat' dir='ltr'><strong>dilum</strong></span> <span class='ocrx_word' id='word_1_87' title='bbox 395 1647 630 1751; x_wconf 88' lang='lat' dir='ltr'><strong>perscrutari</strong></span> <span class='ocrx_word' id='word_1_88' title='bbox 652 1673 733 1722; x_wconf 90' lang='lat' dir='ltr'><strong>non</strong></span> <span class='ocrx_word' id='word_1_89' title='bbox 751 1648 987 1753; x_wconf 83' lang='lat' dir='ltr'><strong>contigerat,</strong></span> <span class='ocrx_word' id='word_1_90' title='bbox 1015 1649 1157 1754; x_wconf 84' lang='lat' dir='ltr'><strong>repetit</strong></span> <span class='ocrx_word' id='word_1_91' title='bbox 1179 1673 1240 1738; x_wconf 86' lang='lat' dir='ltr'><strong>ea,</strong></span> <span class='ocrx_word' id='word_1_92' title='bbox 1266 1641 1575 1751; x_wconf 69' lang='lat' dir='ltr'><strong>quac&#39;Gt&#39;uicr</strong></span> <span class='ocrx_word' id='word_1_93' title='bbox 1599 1641 1769 1736; x_wconf 70' lang='lat' dir='ltr'><strong>adtulit3</strong></span> <span class='ocrx_word' id='word_1_94' title='bbox 1794 1667 1859 1750; x_wconf 83' lang='lat' dir='ltr'><strong>ne-</strong></span> 
     </span>
     <span class='ocr_line' id='line_1_11' title="bbox 201 1776 861 1889; baseline 0.009 -38"><span class='ocrx_word' id='word_1_95' title='bbox 201 1848 211 1889; x_wconf 31' lang='grc' dir='ltr'><strong>Ι,</strong></span> <span class='ocrx_word' id='word_1_96' title='bbox 257 1803 337 1881; x_wconf 85' lang='lat' dir='ltr'><strong>que</strong></span> <span class='ocrx_word' id='word_1_97' title='bbox 362 1777 476 1853; x_wconf 87' lang='lat' dir='ltr'><strong>aliter</strong></span> <span class='ocrx_word' id='word_1_98' title='bbox 498 1777 593 1854; x_wconf 86' lang='lat' dir='ltr'><strong>facit</strong></span> <span class='ocrx_word' id='word_1_99' title='bbox 617 1780 775 1855; x_wconf 84' lang='lat' dir='ltr'><strong>Carus</strong></span> <span class='ocrx_word' id='word_1_100' title='bbox 795 1776 861 1877; x_wconf 75' lang='lat'>¹⁵9).</span> 
     </span>
     <span class='ocr_line' id='line_1_12' title="bbox 202 1899 1950 2018; baseline -0.002 -33"><span class='ocrx_word' id='word_1_101' title='bbox 202 1899 208 1909; x_wconf 47' lang='lat'>²</span> <span class='ocrx_word' id='word_1_102' title='bbox 353 1910 414 1984; x_wconf 88' lang='lat' dir='ltr'><strong>Dc</strong></span> <span class='ocrx_word' id='word_1_103' title='bbox 439 1912 523 1987; x_wconf 84' lang='lat' dir='ltr'><strong>situ</strong></span> <span class='ocrx_word' id='word_1_104' title='bbox 544 1913 682 2016; x_wconf 79' lang='lat' dir='ltr'><strong>organi</strong></span> <span class='ocrx_word' id='word_1_105' title='bbox 707 1913 867 1991; x_wconf 85' lang='lat' dir='ltr'><strong>auditus</strong></span> <span class='ocrx_word' id='word_1_106' title='bbox 890 1913 934 1990; x_wconf 88' lang='lat' dir='ltr'><strong>in</strong></span> <span class='ocrx_word' id='word_1_107' title='bbox 958 1910 1180 2004; x_wconf 73' lang='lat' dir='ltr'><strong>crocodilo,</strong></span> <span class='ocrx_word' id='word_1_108' title='bbox 1205 1937 1363 2018; x_wconf 86' lang='lat' dir='ltr'><strong>prorsus</strong></span> <span class='ocrx_word' id='word_1_109' title='bbox 1387 1936 1429 1985; x_wconf 89' lang='lat' dir='ltr'><strong>ea</strong></span> <span class='ocrx_word' id='word_1_110' title='bbox 1453 1936 1608 2015; x_wconf 89' lang='lat' dir='ltr'><strong>sequor,</strong></span> <span class='ocrx_word' id='word_1_111' title='bbox 1635 1932 1737 2012; x_wconf 87' lang='lat' dir='ltr'><strong>quae</strong></span> <span class='ocrx_word' id='word_1_112' title='bbox 1762 1908 1858 1983; x_wconf 89' lang='lat' dir='ltr'><strong>Cn·</strong></span> <span class='ocrx_word' id='word_1_113' title='bbox 1946 1926 1950 1935; x_wconf 81' lang='grc'><strong>“</strong></span> 
     </span>
     <span class='ocr_line' id='line_1_13' title="bbox 255 2016 1859 2151; baseline -0.003 -31"><span class='ocrx_word' id='word_1_114' title='bbox 255 2046 359 2122; x_wconf 85' lang='lat' dir='ltr'><strong>vier</strong></span> <span class='ocrx_word' id='word_1_115' title='bbox 382 2016 434 2130; x_wconf 57' lang='lat'><strong>0³⁰)</strong></span> <span class='ocrx_word' id='word_1_116' title='bbox 455 2043 508 2119; x_wconf 88' lang='lat' dir='ltr'><strong>de</strong></span> <span class='ocrx_word' id='word_1_117' title='bbox 532 2044 673 2120; x_wconf 89' lang='lat' dir='ltr'><strong>ossium</strong></span> <span class='ocrx_word' id='word_1_118' title='bbox 707 2046 844 2151; x_wconf 85' lang='lat' dir='ltr'><strong>capitis</strong></span> <span class='ocrx_word' id='word_1_119' title='bbox 866 2045 1168 2149; x_wconf 80' lang='lat' dir='ltr'><strong>significatione,</strong></span> <span class='ocrx_word' id='word_1_120' title='bbox 1210 2044 1512 2150; x_wconf 87' lang='lat' dir='ltr'><strong>praeclarissime</strong></span> <span class='ocrx_word' id='word_1_121' title='bbox 1536 2043 1745 2120; x_wconf 86' lang='lat' dir='ltr'><strong>adnotavit</strong></span> <span class='ocrx_word' id='word_1_122' title='bbox 1798 2038 1859 2115; x_wconf 83' lang='lat' dir='ltr'><strong>Ad</strong></span> 
     </span>
     <span class='ocr_line' id='line_1_14' title="bbox 138 2164 1859 2282; baseline -0.003 -28"><span class='ocrx_word' id='word_1_123' title='bbox 138 2234 143 2241; x_wconf 88' lang='lat'><em>-</em></span> <span class='ocrx_word' id='word_1_124' title='bbox 256 2177 501 2254; x_wconf 79' lang='lat' dir='ltr'><strong>formandam</strong></span> <span class='ocrx_word' id='word_1_125' title='bbox 524 2204 670 2252; x_wconf 88' lang='lat' dir='ltr'><strong>osseam</strong></span> <span class='ocrx_word' id='word_1_126' title='bbox 695 2179 844 2282; x_wconf 80' lang='lat' dir='ltr'><strong>&#39;organi</strong></span> <span class='ocrx_word' id='word_1_127' title='bbox 869 2176 1028 2255; x_wconf 84' lang='lat' dir='ltr'><strong>auditus</strong></span> <span class='ocrx_word' id='word_1_128' title='bbox 1060 2176 1415 2255; x_wconf 82' lang='lat' dir='ltr'><strong>circumferentiam</strong></span> <span class='ocrx_word' id='word_1_129' title='bbox 1451 2176 1530 2251; x_wconf 89' lang='lat' dir='ltr'><strong>fere</strong></span> <span class='ocrx_word' id='word_1_130' title='bbox 1566 2175 1696 2253; x_wconf 88' lang='lat' dir='ltr'><strong>omnia</strong></span> <span class='ocrx_word' id='word_1_131' title='bbox 1723 2164 1859 2279; x_wconf 78' lang='lat' dir='ltr'><strong>capitis</strong></span> 
     </span>
     <span class='ocr_line' id='line_1_15' title="bbox 247 2306 1860 2417; baseline -0.004 -31"><span class='ocrx_word' id='word_1_132' title='bbox 247 2309 475 2417; x_wconf 78' lang='lat' dir='ltr'><strong>posterioris</strong></span> <span class='ocrx_word' id='word_1_133' title='bbox 501 2338 579 2387; x_wconf 85' lang='lat' dir='ltr'><strong>osso</strong></span> <span class='ocrx_word' id='word_1_134' title='bbox 600 2311 645 2387; x_wconf 90' lang='lat' dir='ltr'><strong>in</strong></span> <span class='ocrx_word' id='word_1_135' title='bbox 667 2310 869 2388; x_wconf 89' lang='lat' dir='ltr'><strong>Crocodilo</strong></span> <span class='ocrx_word' id='word_1_136' title='bbox 895 2308 1030 2388; x_wconf 85' lang='lat' dir='ltr'><strong>eadem</strong></span> <span class='ocrx_word' id='word_1_137' title='bbox 1054 2310 1224 2405; x_wconf 82' lang='lat' dir='ltr'><strong>ratione,</strong></span> <span class='ocrx_word' id='word_1_138' title='bbox 1249 2306 1397 2414; x_wconf 85' lang='lat' dir='ltr'><strong>quain</strong></span> <span class='ocrx_word' id='word_1_139' title='bbox 1418 2308 1554 2385; x_wconf 80' lang='lat' dir='ltr'><strong>ceteris</strong></span> <span class='ocrx_word' id='word_1_140' title='bbox 1580 2306 1699 2385; x_wconf 89' lang='lat' dir='ltr'><strong>huius</strong></span> <span class='ocrx_word' id='word_1_141' title='bbox 1725 2307 1860 2383; x_wconf 87' lang='lat' dir='ltr'><strong>sectio·</strong></span> 
     </span>
     <span class='ocr_line' id='line_1_16' title="bbox 255 2439 1861 2553; baseline -0.004 -33"><span class='ocrx_word' id='word_1_142' title='bbox 255 2443 316 2520; x_wconf 90' lang='lat' dir='ltr'><strong>nis</strong></span> <span class='ocrx_word' id='word_1_143' title='bbox 341 2442 545 2553; x_wconf 81' lang='lat' dir='ltr'><strong>ordinibus</strong></span> <span class='ocrx_word' id='word_1_144' title='bbox 569 2462 815 2521; x_wconf 90' lang='lat' dir='ltr'><strong>concurrunt</strong></span> <span class='ocrx_word' id='word_1_145' title='bbox 824 2477 835 2540; x_wconf 86' lang='lat'>3</span> <span class='ocrx_word' id='word_1_146' title='bbox 861 2461 1032 2553; x_wconf 84' lang='lat' dir='ltr'><strong>quatuor</strong></span> <span class='ocrx_word' id='word_1_147' title='bbox 1054 2468 1133 2521; x_wconf 84' lang='lat' dir='ltr'><strong>ossa</strong></span> <span class='ocrx_word' id='word_1_148' title='bbox 1157 2440 1394 2549; x_wconf 88' lang='lat' dir='ltr'><strong>occipitalia,</strong></span> <span class='ocrx_word' id='word_1_149' title='bbox 1429 2452 1471 2520; x_wconf 86' lang='lat' dir='ltr'><strong>os</strong></span> <span class='ocrx_word' id='word_1_150' title='bbox 1495 2440 1700 2549; x_wconf 88' lang='lat' dir='ltr'><strong>parietale,</strong></span> <span class='ocrx_word' id='word_1_151' title='bbox 1725 2439 1861 2547; x_wconf 88' lang='lat' dir='ltr'><strong>sphoe-</strong></span> 
     </span>
     <span class='ocr_line' id='line_1_17' title="bbox 255 2574 1859 2685; baseline -0.002 -30"><span class='ocrx_word' id='word_1_152' title='bbox 255 2574 456 2670; x_wconf 81' lang='lat' dir='ltr'><strong>uoideum,</strong></span> <span class='ocrx_word' id='word_1_153' title='bbox 482 2605 524 2654; x_wconf 90' lang='lat' dir='ltr'><strong>os</strong></span> <span class='ocrx_word' id='word_1_154' title='bbox 548 2597 778 2685; x_wconf 84' lang='lat' dir='ltr'><strong>petrorsum,</strong></span> <span class='ocrx_word' id='word_1_155' title='bbox 803 2577 1072 2685; x_wconf 86' lang='lat' dir='ltr'><strong>tympanicum</strong></span> <span class='ocrx_word' id='word_1_156' title='bbox 1096 2594 1137 2655; x_wconf 91' lang='lat' dir='ltr'><strong>et</strong></span> <span class='ocrx_word' id='word_1_157' title='bbox 1159 2578 1429 2668; x_wconf 63' lang='lat' dir='ltr'><strong>matoneum,</strong></span> <span class='ocrx_word' id='word_1_158' title='bbox 1461 2594 1571 2681; x_wconf 86' lang='lat' dir='ltr'><strong>&#39;quae</strong></span> <span class='ocrx_word' id='word_1_159' title='bbox 1594 2574 1734 2653; x_wconf 86' lang='lat' dir='ltr'><strong>ultima</strong></span> <span class='ocrx_word' id='word_1_160' title='bbox 1761 2576 1859 2670; x_wconf 86' lang='lat' dir='ltr'><strong>tria,</strong></span> 
     </span>
     <span class='ocr_line' id='line_1_18' title="bbox 229 2688 1859 2819; baseline 0 -32"><span class='ocrx_word' id='word_1_161' title='bbox 229 2688 335 2801; x_wconf 31' lang='lat' dir='ltr'><strong>&#39;una</strong></span> <span class='ocrx_word' id='word_1_162' title='bbox 363 2739 455 2787; x_wconf 92' lang='lat' dir='ltr'><strong>cum</strong></span> <span class='ocrx_word' id='word_1_163' title='bbox 477 2712 729 2816; x_wconf 82' lang='lat' dir='ltr'><strong>zygomatico,</strong></span> <span class='ocrx_word' id='word_1_164' title='bbox 757 2712 960 2819; x_wconf 87' lang='lat' dir='ltr'><strong>temporali</strong></span> <span class='ocrx_word' id='word_1_165' title='bbox 986 2711 1317 2790; x_wconf 80' lang='lat' dir='ltr'><strong>mammiferarum</strong></span> <span class='ocrx_word' id='word_1_166' title='bbox 1341 2707 1584 2818; x_wconf 87' lang='lat' dir='ltr'><strong>respondent.</strong></span> <span class='ocrx_word' id='word_1_167' title='bbox 1634 2708 1769 2815; x_wconf 83' lang='lat' dir='ltr'><strong>Neque</strong></span> <span class='ocrx_word' id='word_1_168' title='bbox 1793 2737 1859 2787; x_wconf 90' lang='lat' dir='ltr'><strong>so·</strong></span> 
     </span>
     <span class='ocr_line' id='line_1_19' title="bbox 254 2841 1858 2957; baseline -0.001 -38"><span class='ocrx_word' id='word_1_169' title='bbox 254 2846 339 2923; x_wconf 86' lang='lat' dir='ltr'><strong>lum</strong></span> <span class='ocrx_word' id='word_1_170' title='bbox 365 2871 405 2921; x_wconf 90' lang='lat' dir='ltr'><strong>os</strong></span> <span class='ocrx_word' id='word_1_171' title='bbox 425 2842 626 2957; x_wconf 80' lang='lat' dir='ltr'><strong>petrosum</strong></span> <span class='ocrx_word' id='word_1_172' title='bbox 650 2844 923 2949; x_wconf 82' lang='lat' dir='ltr'><strong>labyrinthum</strong></span> <span class='ocrx_word' id='word_1_173' title='bbox 947 2842 1187 2942; x_wconf 86' lang='lat' dir='ltr'><strong>circumdat,</strong></span> <span class='ocrx_word' id='word_1_174' title='bbox 1221 2842 1287 2922; x_wconf 89' lang='lat' dir='ltr'><strong>sed</strong></span> <span class='ocrx_word' id='word_1_175' title='bbox 1311 2842 1363 2921; x_wconf 91' lang='lat' dir='ltr'><strong>ad</strong></span> <span class='ocrx_word' id='word_1_176' title='bbox 1403 2841 1624 2922; x_wconf 86' lang='lat' dir='ltr'><strong>formandas</strong></span> <span class='ocrx_word' id='word_1_177' title='bbox 1661 2842 1858 2933; x_wconf 86' lang='lat' dir='ltr'><strong>vestibuli,</strong></span> 
     </span>
     <span class='ocr_line' id='line_1_20' title="bbox 250 2974 1861 3086; baseline -0.001 -34"><span class='ocrx_word' id='word_1_178' title='bbox 250 2977 473 3081; x_wconf 84' lang='lat' dir='ltr'><strong>canalium,</strong></span> <span class='ocrx_word' id='word_1_179' title='bbox 499 2976 757 3081; x_wconf 86' lang='lat' dir='ltr'><strong>cochleaeque</strong></span> <span class='ocrx_word' id='word_1_180' title='bbox 780 2977 945 3082; x_wconf 86' lang='lat' dir='ltr'><strong>parietes</strong></span> <span class='ocrx_word' id='word_1_181' title='bbox 970 3004 1010 3053; x_wconf 90' lang='lat' dir='ltr'><strong>os</strong></span> <span class='ocrx_word' id='word_1_182' title='bbox 1031 2996 1254 3086; x_wconf 85' lang='lat' dir='ltr'><strong>petrosum,</strong></span> <span class='ocrx_word' id='word_1_183' title='bbox 1294 2976 1496 3083; x_wconf 83' lang='lat' dir='ltr'><strong>occipitale</strong></span> <span class='ocrx_word' id='word_1_184' title='bbox 1532 2974 1710 3082; x_wconf 87' lang='lat' dir='ltr'><strong>superius</strong></span> <span class='ocrx_word' id='word_1_185' title='bbox 1743 2994 1782 3053; x_wconf 92' lang='lat' dir='ltr'><strong>et</strong></span> <span class='ocrx_word' id='word_1_186' title='bbox 1808 2976 1861 3051; x_wconf 88' lang='lat' dir='ltr'><strong>la·</strong></span> 
     </span>
     <span class='ocr_line' id='line_1_21' title="bbox 219 3108 1861 3217; baseline 0.002 -38"><span class='ocrx_word' id='word_1_187' title='bbox 219 3174 222 3179; x_wconf 90' lang='lat'>.</span> <span class='ocrx_word' id='word_1_188' title='bbox 258 3110 377 3186; x_wconf 87' lang='lat' dir='ltr'><strong>terale</strong></span> <span class='ocrx_word' id='word_1_189' title='bbox 417 3110 723 3201; x_wconf 87' lang='lat' dir='ltr'><strong>itaccnferunt,</strong></span> <span class='ocrx_word' id='word_1_190' title='bbox 751 3110 866 3188; x_wconf 89' lang='lat' dir='ltr'><strong>utin</strong></span> <span class='ocrx_word' id='word_1_191' title='bbox 892 3109 1040 3217; x_wconf 85' lang='lat' dir='ltr'><strong>pariete</strong></span> <span class='ocrx_word' id='word_1_192' title='bbox 1070 3111 1160 3188; x_wconf 91' lang='lat' dir='ltr'><strong>satis</strong></span> <span class='ocrx_word' id='word_1_193' title='bbox 1179 3111 1307 3204; x_wconf 83' lang='lat' dir='ltr'><strong>tonui,</strong></span> <span class='ocrx_word' id='word_1_194' title='bbox 1342 3139 1364 3188; x_wconf 91' lang='lat' dir='ltr'><strong>a</strong></span> <span class='ocrx_word' id='word_1_195' title='bbox 1402 3110 1526 3187; x_wconf 90' lang='lat' dir='ltr'><strong>cranii</strong></span> <span class='ocrx_word' id='word_1_196' title='bbox 1556 3111 1718 3185; x_wconf 84' lang='lat' dir='ltr'><strong>cavitate</strong></span> <span class='ocrx_word' id='word_1_197' title='bbox 1750 3108 1861 3183; x_wconf 88' lang='lat' dir='ltr'><strong>vesti·</strong></span> 
     </span>
     <span class='ocr_line' id='line_1_22' title="bbox 256 3238 1861 3349; baseline -0.001 -31"><span class='ocrx_word' id='word_1_198' title='bbox 256 3244 396 3319; x_wconf 88' lang='lat' dir='ltr'><strong>bulum</strong></span> <span class='ocrx_word' id='word_1_199' title='bbox 423 3244 668 3349; x_wconf 84' lang='lat' dir='ltr'><strong>seiungente,</strong></span> <span class='ocrx_word' id='word_1_200' title='bbox 708 3254 782 3322; x_wconf 81' lang='lat' dir='ltr'><strong>tres</strong></span> <span class='ocrx_word' id='word_1_201' title='bbox 805 3244 950 3323; x_wconf 90' lang='lat' dir='ltr'><strong>borum</strong></span> <span class='ocrx_word' id='word_1_202' title='bbox 973 3245 1116 3325; x_wconf 89' lang='lat' dir='ltr'><strong>ossium</strong></span> <span class='ocrx_word' id='word_1_203' title='bbox 1137 3263 1299 3323; x_wconf 83' lang='lat' dir='ltr'><strong>suturae</strong></span> <span class='ocrx_word' id='word_1_204' title='bbox 1323 3244 1368 3320; x_wconf 89' lang='lat' dir='ltr'><strong>in</strong></span> <span class='ocrx_word' id='word_1_205' title='bbox 1392 3270 1474 3320; x_wconf 92' lang='lat' dir='ltr'><strong>uno</strong></span> <span class='ocrx_word' id='word_1_206' title='bbox 1506 3243 1591 3319; x_wconf 92' lang='lat' dir='ltr'><strong>loco</strong></span> <span class='ocrx_word' id='word_1_207' title='bbox 1623 3238 1861 3317; x_wconf 84' lang='lat' dir='ltr'><strong>confluentes</strong></span> 
     </span>
    </p>
   </div>
   <div class='ocr_carea' id='block_1_3' title="bbox 152 3362 1861 3889">
    <p class='ocr_par' dir='ltr' id='par_1_3' title="bbox 152 3362 1858 3620">
     <span class='ocr_line' id='line_1_23' title="bbox 152 3362 1858 3485; baseline -0.003 -32"><span class='ocrx_word' id='word_1_208' title='bbox 152 3362 155 3367; x_wconf 35' lang='lat'>⁵</span> <span class='ocrx_word' id='word_1_209' title='bbox 256 3378 441 3455; x_wconf 83' lang='lat' dir='ltr'><strong>facillime</strong></span> <span class='ocrx_word' id='word_1_210' title='bbox 481 3370 771 3483; x_wconf 79' lang='lat' dir='ltr'><strong>agnoscantur.¹</strong></span> <span class='ocrx_word' id='word_1_211' title='bbox 808 3384 934 3457; x_wconf 90' lang='lat' dir='ltr'><strong>Immo</strong></span> <span class='ocrx_word' id='word_1_212' title='bbox 967 3379 1133 3456; x_wconf 83' lang='lat' dir='ltr'><strong>fenestra</strong></span> <span class='ocrx_word' id='word_1_213' title='bbox 1167 3378 1285 3455; x_wconf 87' lang='lat' dir='ltr'><strong>ovalis</strong></span> <span class='ocrx_word' id='word_1_214' title='bbox 1327 3376 1471 3483; x_wconf 90' lang='lat' dir='ltr'><strong>partim</strong></span> <span class='ocrx_word' id='word_1_215' title='bbox 1503 3403 1525 3451; x_wconf 84' lang='lat' dir='ltr'><strong>a</strong></span> <span class='ocrx_word' id='word_1_216' title='bbox 1562 3393 1734 3480; x_wconf 87' lang='lat' dir='ltr'><strong>petroso,</strong></span> <span class='ocrx_word' id='word_1_217' title='bbox 1768 3400 1858 3485; x_wconf 85' lang='lat' dir='ltr'><strong>par-</strong></span> 
     </span>
     <span class='ocr_line' id='line_1_24' title="bbox 258 3496 1858 3620; baseline -0.005 -32"><span class='ocrx_word' id='word_1_218' title='bbox 258 3513 329 3588; x_wconf 88' lang='lat' dir='ltr'><strong>tim</strong></span> <span class='ocrx_word' id='word_1_219' title='bbox 355 3513 405 3589; x_wconf 92' lang='lat' dir='ltr'><strong>ab</strong></span> <span class='ocrx_word' id='word_1_220' title='bbox 431 3496 630 3620; x_wconf 88' lang='lat' dir='ltr'><strong>occipitali</strong></span> <span class='ocrx_word' id='word_1_221' title='bbox 652 3512 803 3591; x_wconf 84' lang='lat' dir='ltr'><strong>laterali</strong></span> <span class='ocrx_word' id='word_1_222' title='bbox 831 3514 1033 3591; x_wconf 82' lang='lat' dir='ltr'><strong>formatur.</strong></span> <span class='ocrx_word' id='word_1_223' title='bbox 1084 3517 1256 3617; x_wconf 80' lang='lat' dir='ltr'><strong>Angusta</strong></span> <span class='ocrx_word' id='word_1_224' title='bbox 1284 3510 1480 3589; x_wconf 88' lang='lat' dir='ltr'><strong>trabecula</strong></span> <span class='ocrx_word' id='word_1_225' title='bbox 1516 3536 1638 3600; x_wconf 86' lang='lat' dir='ltr'><strong>ossea,</strong></span> <span class='ocrx_word' id='word_1_226' title='bbox 1664 3533 1765 3615; x_wconf 87' lang='lat' dir='ltr'><strong>quae</strong></span> <span class='ocrx_word' id='word_1_227' title='bbox 1808 3507 1858 3581; x_wconf 83' lang='lat' dir='ltr'><strong>ab</strong></span> 
     </span>
    </p>

    <p class='ocr_par' dir='ltr' id='par_1_4' title="bbox 156 3640 1861 3903">
     <span class='ocr_line' id='line_1_25' title="bbox 212 3640 1859 3752; baseline -0.006 -29"><span class='ocrx_word' id='word_1_228' title='bbox 212 3666 215 3671; x_wconf 84' lang='lat'>&#39;</span> <span class='ocrx_word' id='word_1_229' title='bbox 257 3647 358 3723; x_wconf 85' lang='lat' dir='ltr'><strong>ovali</strong></span> <span class='ocrx_word' id='word_1_230' title='bbox 384 3640 595 3725; x_wconf 80' lang='lat' dir='ltr'><strong>rutundam</strong></span> <span class='ocrx_word' id='word_1_231' title='bbox 619 3645 826 3723; x_wconf 90' lang='lat' dir='ltr'><strong>fenestram</strong></span> <span class='ocrx_word' id='word_1_232' title='bbox 852 3645 1020 3740; x_wconf 87' lang='lat' dir='ltr'><strong>dirimit,</strong></span> <span class='ocrx_word' id='word_1_233' title='bbox 1047 3646 1136 3725; x_wconf 83' lang='lat' dir='ltr'><strong>ossis</strong></span> <span class='ocrx_word' id='word_1_234' title='bbox 1162 3645 1375 3752; x_wconf 87' lang='lat' dir='ltr'><strong>occipitalis</strong></span> <span class='ocrx_word' id='word_1_235' title='bbox 1401 3644 1568 3720; x_wconf 85' lang='lat' dir='ltr'><strong>lateralis</strong></span> <span class='ocrx_word' id='word_1_236' title='bbox 1593 3661 1744 3749; x_wconf 87' lang='lat' dir='ltr'><strong>partem</strong></span> <span class='ocrx_word' id='word_1_237' title='bbox 1769 3665 1859 3715; x_wconf 91' lang='lat' dir='ltr'><strong>con-</strong></span> 
     </span>
     <span class='ocr_line' id='line_1_26' title="bbox 254 3770 1861 3889; baseline -0.006 -32.632"><span class='ocrx_word' id='word_1_238' title='bbox 254 3780 392 3857; x_wconf 83' lang='lat' dir='ltr'><strong>stituit.</strong></span> <span class='ocrx_word' id='word_1_239' title='bbox 441 3782 529 3857; x_wconf 87' lang='lat' dir='ltr'><strong>Una</strong></span> <span class='ocrx_word' id='word_1_240' title='bbox 548 3772 639 3889; x_wconf 81' lang='lat' dir='ltr'><strong>pars</strong></span> <span class='ocrx_word' id='word_1_241' title='bbox 664 3778 746 3859; x_wconf 82' lang='lat' dir='ltr'><strong>cari</strong></span> <span class='ocrx_word' id='word_1_242' title='bbox 773 3778 948 3887; x_wconf 73' lang='lat' dir='ltr'><strong>tympani</strong></span> <span class='ocrx_word' id='word_1_243' title='bbox 974 3798 1012 3857; x_wconf 91' lang='lat' dir='ltr'><strong>et</strong></span> <span class='ocrx_word' id='word_1_244' title='bbox 1037 3779 1176 3856; x_wconf 89' lang='lat' dir='ltr'><strong>annuli</strong></span> <span class='ocrx_word' id='word_1_245' title='bbox 1203 3777 1417 3883; x_wconf 79' lang='lat' dir='ltr'><strong>tympanici</strong></span> <span class='ocrx_word' id='word_1_246' title='bbox 1443 3772 1606 3852; x_wconf 87' lang='lat' dir='ltr'><strong>dimidia</strong></span> <span class='ocrx_word' id='word_1_247' title='bbox 1631 3792 1671 3851; x_wconf 92' lang='lat' dir='ltr'><strong>et</strong></span> <span class='ocrx_word' id='word_1_248' title='bbox 1696 3770 1861 3847; x_wconf 86' lang='lat' dir='ltr'><strong>inferior</strong></span> 
     </span>
    </p>
   </div>
   <div class='ocr_carea' id='block_1_4' title="bbox 264 3998 718 4017">
    <p class='ocr_par' dir='ltr' id='par_1_5' title="bbox 264 3998 718 4017">
     <span class='ocr_line' id='line_1_27' title="bbox 264 3998 718 4017; baseline -0.004 -1"><span class='ocrx_word' id='word_1_249' title='bbox 264 3998 718 4017; x_wconf 59' lang='lat' dir='ltr'><strong><em>m</em></strong></span> 
     </span>
    </p>
   </div>
   <div class='ocr_carea' id='block_1_5' title="bbox 179 4144 1224 4897">
    <p class='ocr_par' dir='ltr' id='par_1_6' title="bbox 179 4144 1224 4897">
     <span class='ocr_line' id='line_1_28' title="bbox 228 4144 667 4233; baseline 0 -22"><span class='ocrx_word' id='word_1_250' title='bbox 228 4156 232 4164; x_wconf 91' lang='lat'>&#39;</span> <span class='ocrx_word' id='word_1_251' title='bbox 300 4144 356 4229; x_wconf 80' lang='lat'><strong>55)</strong></span> <span class='ocrx_word' id='word_1_252' title='bbox 379 4146 472 4233; x_wconf 78' lang='lat' dir='ltr'><strong>Tom.</strong></span> <span class='ocrx_word' id='word_1_253' title='bbox 495 4144 535 4208; x_wconf 86' lang='lat' dir='ltr'><strong>V.</strong></span> <span class='ocrx_word' id='word_1_254' title='bbox 556 4169 591 4231; x_wconf 82' lang='lat' dir='ltr'><strong>p.</strong></span> <span class='ocrx_word' id='word_1_255' title='bbox 613 4146 667 4211; x_wconf 82' lang='lat'><strong>81.</strong></span> 
     </span>
     <span class='ocr_line' id='line_1_29' title="bbox 179 4276 721 4364; baseline 0.007 -25"><span class='ocrx_word' id='word_1_256' title='bbox 179 4340 184 4345; x_wconf 85' lang='grc'><strong>,</strong></span> <span class='ocrx_word' id='word_1_257' title='bbox 299 4276 350 4360; x_wconf 76' lang='grc'><strong>561</strong></span> <span class='ocrx_word' id='word_1_258' title='bbox 372 4280 445 4347; x_wconf 86' lang='lat' dir='ltr'><strong>Loc.</strong></span> <span class='ocrx_word' id='word_1_259' title='bbox 465 4278 552 4343; x_wconf 81' lang='lat' dir='ltr'><strong>laud.</strong></span> <span class='ocrx_word' id='word_1_260' title='bbox 572 4300 643 4364; x_wconf 78' lang='lat' dir='ltr'><strong>pag.</strong></span> <span class='ocrx_word' id='word_1_261' title='bbox 670 4282 721 4344; x_wconf 80' lang='lat'><strong>31.</strong></span> 
     </span>
     <span class='ocr_line' id='line_1_30' title="bbox 189 4412 847 4499; baseline 0.006 -25"><span class='ocrx_word' id='word_1_262' title='bbox 189 4426 195 4435; x_wconf 89' lang='grc'><strong>“</strong></span> <span class='ocrx_word' id='word_1_263' title='bbox 301 4412 355 4497; x_wconf 77' lang='lat'><strong>57)</strong></span> <span class='ocrx_word' id='word_1_264' title='bbox 375 4414 451 4476; x_wconf 80' lang='lat' dir='ltr'><strong>Loc.</strong></span> <span class='ocrx_word' id='word_1_265' title='bbox 473 4416 526 4489; x_wconf 80' lang='lat' dir='ltr'><strong>cit.</strong></span> <span class='ocrx_word' id='word_1_266' title='bbox 550 4414 643 4476; x_wconf 89' lang='lat' dir='ltr'><strong>Tom.</strong></span> <span class='ocrx_word' id='word_1_267' title='bbox 665 4415 691 4477; x_wconf 93' lang='grc'><strong>1.</strong></span> <span class='ocrx_word' id='word_1_268' title='bbox 714 4437 746 4499; x_wconf 87' lang='lat' dir='ltr'><strong>p.</strong></span> <span class='ocrx_word' id='word_1_269' title='bbox 774 4412 847 4497; x_wconf 71' lang='grc'><strong>541.</strong></span> 
     </span>
     <span class='ocr_line' id='line_1_31' title="bbox 202 4540 589 4629; baseline 0 -24"><span class='ocrx_word' id='word_1_270' title='bbox 202 4544 207 4551; x_wconf 83' lang='grc'><strong><em>’</em></strong></span> <span class='ocrx_word' id='word_1_271' title='bbox 300 4542 354 4628; x_wconf 83' lang='lat'><strong>58)</strong></span> <span class='ocrx_word' id='word_1_272' title='bbox 377 4545 415 4610; x_wconf 90' lang='lat' dir='ltr'><strong>L.</strong></span> <span class='ocrx_word' id='word_1_273' title='bbox 436 4540 458 4605; x_wconf 88' lang='lat' dir='ltr'><strong>l.</strong></span> <span class='ocrx_word' id='word_1_274' title='bbox 479 4567 512 4629; x_wconf 91' lang='lat' dir='ltr'><strong>p.</strong></span> <span class='ocrx_word' id='word_1_275' title='bbox 541 4545 589 4608; x_wconf 83' lang='lat'><strong>16.</strong></span> 
     </span>
     <span class='ocr_line' id='line_1_32' title="bbox 298 4675 1099 4765; baseline 0.006 -25"><span class='ocrx_word' id='word_1_276' title='bbox 298 4678 357 4761; x_wconf 70' lang='lat'><strong>59)</strong></span> <span class='ocrx_word' id='word_1_277' title='bbox 377 4675 551 4739; x_wconf 73' lang='lat' dir='ltr'><strong>Handbcct</strong></span> <span class='ocrx_word' id='word_1_278' title='bbox 567 4676 630 4737; x_wconf 80' lang='lat' dir='ltr'><strong>der</strong></span> <span class='ocrx_word' id='word_1_279' title='bbox 647 4676 807 4743; x_wconf 74' lang='lat' dir='ltr'><strong>zooromie</strong></span> <span class='ocrx_word' id='word_1_280' title='bbox 827 4699 897 4763; x_wconf 75' lang='lat' dir='ltr'><strong>pag·</strong></span> <span class='ocrx_word' id='word_1_281' title='bbox 920 4677 995 4765; x_wconf 73' lang='lat'><strong>259·</strong></span> <span class='ocrx_word' id='word_1_282' title='bbox 1094 4704 1099 4715; x_wconf 90' lang='lat'><strong>·</strong></span> 
     </span>
     <span class='ocr_line' id='line_1_33' title="bbox 299 4807 1224 4897; baseline 0.01 -26"><span class='ocrx_word' id='word_1_283' title='bbox 299 4808 349 4890; x_wconf 75' lang='lat' dir='ltr'><strong>bol</strong></span> <span class='ocrx_word' id='word_1_284' title='bbox 371 4808 492 4876; x_wconf 79' lang='lat' dir='ltr'><strong>(lesem.</strong></span> <span class='ocrx_word' id='word_1_285' title='bbox 513 4807 587 4873; x_wconf 73' lang='lat' dir='ltr'><strong>foas·</strong></span> <span class='ocrx_word' id='word_1_286' title='bbox 606 4808 699 4873; x_wconf 88' lang='lat' dir='ltr'><strong>Tom.</strong></span> <span class='ocrx_word' id='word_1_287' title='bbox 721 4809 763 4871; x_wconf 81' lang='lat' dir='ltr'><strong>V.</strong></span> <span class='ocrx_word' id='word_1_288' title='bbox 789 4808 834 4895; x_wconf 83' lang='lat' dir='ltr'><strong>pl.</strong></span> <span class='ocrx_word' id='word_1_289' title='bbox 856 4812 918 4876; x_wconf 89' lang='lat'>111.</span> <span class='ocrx_word' id='word_1_290' title='bbox 939 4812 1006 4897; x_wconf 72' lang='lat' dir='ltr'><strong>rig.</strong></span> <span class='ocrx_word' id='word_1_291' title='bbox 1029 4832 1058 4877; x_wconf 82' lang='lat' dir='ltr'><strong>t.</strong></span> <span class='ocrx_word' id='word_1_292' title='bbox 1082 4831 1114 4875; x_wconf 82' lang='lat' dir='ltr'><strong>a.</strong></span> <span class='ocrx_word' id='word_1_293' title='bbox 1138 4809 1169 4877; x_wconf 78' lang='grc'><strong>5.</strong></span> <span class='ocrx_word' id='word_1_294' title='bbox 1195 4810 1224 4887; x_wconf 79' lang='grc'><strong>5.</strong></span> 
     </span>
    </p>
   </div>
   <div class='ocr_carea' id='block_1_6' title="bbox 0 0 2113 5348">
    <p class='ocr_par' dir='ltr' id='par_1_7' title="bbox 0 0 2113 5348">
     <span class='ocr_line' id='line_1_34' title="bbox 0 0 2113 5348; baseline 0 0"><span class='ocrx_word' id='word_1_295' title='bbox 0 0 2113 5348; x_wconf 95' lang='lat' dir='ltr'><strong> </strong></span> 
     </span>
    </p>
   </div>
  </div>
 </body>
</html>
