4298 5340
974 297 1344 463 ...·6„·

314 587 412 657 teus,
442 595 520 652 nou
551 565 746 671 palpebris
774 566 980 644 instructos
1011 568 1152 646 habere
1180 566 1235 663 ¹⁵).
1277 571 1486 675 Optimam
1513 555 1811 645 delineationem
1842 595 1911 643 ca-.

309 699 402 804 pitis
425 697 652 782 Arolotisa
685 695 787 781 facie>
819 699 1014 801 superiori
1047 719 1086 775 et
1119 700 1295 781 inferiori
1330 701 1587 781 visi'exbibet
1624 703 1809 778 Cuvier
1838 699 1903 794 ¹⁶);

312 850 597 933 nequetamen
624 830 665 912 iu
694 829 951 934 descriptione
976 831 1178 913 foraminis
1202 835 1335 920 uvalis,
1374 836 1548 938 quamvis
1573 834 1771 924 delineati,
1798 861 1905 910 men·
1996 922 1998 924 v

311 966 456 1049 tionem
482 963 590 1052 lacit,
620 987 745 1064 neque
771 981 979 1068 apparatus
1004 964 1126 1057 illius,
1152 995 1231 1069 quo
1258 968 1480 1044 occluditur
1508 969 1566 1064 ¹7)⁸

412 1131 649 1205 Vestibulum
688 1133 827 1206 cavitas
861 1131 1087 1223 rotundior,
1125 1157 1244 1233 quam
1281 1132 1348 1206 illa
1374 1134 1523 1223 Protei,
1562 1132 1604 1207 in
1642 1157 1719 1207 osse
1746 1108 1901 1238 'petroso

309 1284 386 1350 est,
422 1264 529 1366 quod
563 1266 611 1339 ab
650 1291 727 1340 osse
753 1265 947 1369 parietali,
984 1264 1200 1371 occipitali,
1229 1265 1552 1372 sphoenoideoet
1578 1266 1798 1370 tympanico
1825 1265 1900 1338 cir·

311 1397 527 1471 cumdatur.
581 1401 685 1472 Haec
720 1399 859 1473 cavitas
894 1425 1046 1472 saccum
1080 1399 1255 1474 continet
1280 1427 1370 1474 cum
1395 1399 1585 1474 cunalibus
1616 1399 1901 1473 semicirculari-

311 1530 378 1602 bus
409 1529 547 1612 tribus,
574 1557 744 1632 quorum
770 1528 965 1633 dispositio
1004 1531 1079 1606 iam
1115 1532 1233 1632 magis
1259 1531 1337 1614 illi,
1372 1557 1492 1634 quam
1517 1532 1559 1605 in
1585 1530 1687 1605 ranis
1713 1529 1907 1616 ridemus,

309 1659 631 1736 accommodatur.
684 1662 835 1737 Canalis
861 1680 1040 1736 externus
1068 1661 1112 1756 ¹⁸)
1150 1644 1290 1769 nempe
1317 1667 1394 1740 iam
1430 1689 1517 1752 rere
1549 1663 1795 1738 horizontalis
1828 1681 1898 1746 est,

308 1793 375 1866 alii
403 1794 574 1867 anterior
599 1791 650 1888 ,19)
678 1813 723 1868 >et
756 1795 944 1897 posterior
969 1792 1018 1887 ²⁰)
1053 1797 1302 1886 nominandi,
1334 1822 1462 1873 versus
1495 1799 1697 1872 internum
1720 1794 1900 1869 vestibuli

306 1928 493 2029 parietem
519 1927 562 2000 in
590 1930 780 2029 angulum
806 1949 1100 2019 concurrentes,
1128 1931 1170 2004 in
1197 1958 1323 2005 unum
1348 1929 1573 2013 confluunt,
1608 1928 1900 2034 ampullamque

307 2084 552 2132 communem
585 2059 766 2135 formant·
827 2063 1027 2165 Ampullas
1061 2063 1126 2136 bic
1159 2063 1202 2136 in
1237 2061 1417 2137 omnibus
1451 2061 1650 2136 canalibus
1685 2062 1782 2134 bene
1805 2058 1901 2134 vidi.

306 2190 343 2264 Si
371 2191 562 2264 rationem
588 2210 749 2294 spectas.
783 2219 861 2294 qua
887 2196 1037 2268 canales
1061 2194 1343 2269 membranacei
1371 2194 1612 2283 retinentur,
1650 2190 1715 2265 hic
1740 2191 1900 2265 clarissi-

305 2347 367 2394 me
395 2347 437 2394 ea
465 2320 567 2411 vidi,
597 2333 696 2425 quae
721 2325 838 2399 etiam
864 2327 907 2400 in
924 2331 1060 2401 Proteo
1085 2327 1297 2429 suspicatus
1321 2352 1417 2401 sum.
1468 2327 1555 2399 Non
1580 2322 1724 2399 adsunt
1749 2325 1899 2397 canales

306 2456 417 2541 ossei,
445 2455 509 2530 sed
537 2457 659 2533 tribus
685 2455 777 2532 locis
804 2458 854 2534 ad
880 2461 1054 2534 canalem
1079 2478 1298 2546 externum,
1326 2458 1560 2554 anteriorem
1575 2476 1613 2532 et
1631 2457 1897 2560 posteriorem,

305 2588 432 2662 tenuis
460 2565 657 2664 trabecula
689 2617 789 2665 ossea
815 2593 1100 2682 semicanalem,
1140 2591 1189 2665 ab
1215 2609 1348 2695 aperto
1373 2593 1492 2665 latere
1518 2615 1608 2664 eum
1633 2586 1897 2675 circumdans,

303 2721 541 2823 completum
567 2720 713 2815 reddit,
740 2723 793 2807 ita
821 2741 865 2799 ut
890 2723 1015 2825 quivis
1042 2724 1184 2799 horum
1212 2724 1331 2798 trium
1355 2723 1399 2798 in
1422 2748 1573 2799 summa
1594 2722 1790 2796 canalium
1810 2747 1897 2794 cur-

302 2869 437 2927 vatura
463 2855 612 2929 annulo
648 2881 750 2931 osseo
785 2857 896 2960 quasi
930 2883 1132 2961 suspensus
1157 2875 1358 2962 appareat,
1398 2849 1494 2930 dum
1528 2851 1722 2931 omnibus
1741 2856 1826 2929 aliis
1852 2856 1901 2930 in

300 2987 480 3088 partibus
517 2988 722 3064 filamentis
750 2990 933 3066 tenuibus
957 2991 1180 3067 semicanali
1207 3017 1309 3066 osseo
1335 2991 1468 3065 affixus
1492 2989 1550 3065 sit.

401 3151 539 3227 Saccus
557 3157 726 3257 repletus
739 3173 794 3229 est
819 3182 936 3230 massa
963 3153 1236 3260 amylacea²¹),
1265 3181 1364 3256 quae
1390 3148 1679 3242 rotundiorest,
1707 3151 1895 3257 quami'n

303 3287 439 3359 Proteo
466 3304 505 3360 et
530 3285 797 3376 salamandra,
832 3307 870 3362 et
903 3286 1122 3391 quidquam
1155 3289 1303 3364 durior.
1354 3291 1489 3363 Saccus
1516 3300 1559 3360 ‘et
1584 3286 1733 3360 canales
1760 3285 1894 3359 multis

300 3422 394 3494 vasis
424 3409 711 3524 sanguiniferis,
748 3439 794 3494 ut
828 3421 872 3496 in
897 3422 1145 3497 salamandra
1185 3424 1311 3497 colore
1347 3422 1454 3495 fusco
1493 3417 1709 3529 insignibus
1744 3416 1892 3493 exstru-

301 3551 352 3624 cti
379 3570 482 3626 sunt·
520 3541 738 3624 'Foramina
762 3552 996 3627 vestibulum
1025 3554 1257 3647 triaxhabet,
1285 3535 1659 3656 angustissimaduo,
1688 3551 1898 3655 in‘pariete

345 3945 400 4016 15).
415 3943 467 4003 Εο.
484 3940 592 4002 differt
621 3963 639 4001 a
670 3942 782 4002 Proteo
802 3941 969 4020 Arolotes,
1003 3944 1086 4025 quod
1114 3945 1208 4005 habet
1236 3928 1400 4004 cavitatem
1430 3943 1495 4005 nasi
1524 3941 1636 4018 latam,
1667 3938 1870 4020 compressam
1883 3946 1899 4010 ‚1

381 4116 383 4121 .
422 4080 488 4123 nou
505 4059 627 4125 laminis
648 4061 846 4138 instructam,
866 4060 997 4142 qualern
1012 4062 1162 4138 Proteus,
1191 4063 1322 4123 maxima
1346 4060 1484 4142 piscium
1502 4056 1727 4134 similitudine,
1753 4054 1902 4117 ostendit,

342 4175 394 4259 16)
420 4177 533 4237 Ossam.
543 4179 631 4256 foss,
652 4176 934 4267 Tom.qu.'4;5‚
958 4177 1002 4260 pl.
1024 4179 1155 4240 XXVII.
1179 4179 1248 4261 rig.
1267 4175 1316 4258 qd,
1336 4188 1368 4238 et
1391 4175 1440 4255 25,
1465 4246 1468 4253 ¹
1531 4219 1535 4253 :
1585 4256 1599 4265 Γ

344 4299 392 4377 17)
417 4294 495 4354 Tab.
520 4292 550 4359 l,
571 4295 636 4378 Fig.
669 4317 696 4357 t..
1396 4322 1401 4329 ·

342 4408 394 4484 18)
418 4411 500 4475 Tab,
520 4411 543 4474 l.
567 4410 635 4493 Fig.
652 4412 682 4477 3.
703 4434 733 4472 a.

342 4535 392 4608 19)
414 4527 492 4587 Tab.
517 4529 539 4588 l.
560 4528 627 4610 Fig.
651 4531 678 4590 3.
703 4530 731 4588 b.

339 4644 389 4719 20)
412 4642 495 4707 Tab,
515 4644 538 4703 l.
563 4635 631 4729 Fig.
657 4645 685 4709 3.
699 4666 743 4726 c,

336 4761 386 4841 212
409 4760 488 4820 rab.
511 4760 537 4820 1.
557 4760 625 4843 rig.
650 4744 737 4843 aa,
