4208 5348
927 166 1106 205 tq.

849 283 1155 380 ...43-

190 533 312 612 Pobl
339 559 429 611 eum
455 558 535 611 non
561 533 720 640 reperit,
745 533 810 610 sed
837 561 994 612 causam·
1015 535 1106 614 inde
1133 564 1213 615 non
1231 534 1363 624 video,
1390 560 1461 611 cur
1476 530 1691 612 'fenestram
1710 563 1795 612 ova·

189 668 277 751 lem,
303 694 325 742 a
349 666 565 742 Cuviaro
592 687 681 755 ,tam
706 667 806 742 bene
831 687 1016 795 notatam,
1042 671 1217 748 foramen
1252 668 1362 746 nervi
1397 667 1543 744 facialis
1568 694 1643 744 esse
1669 644 1792 759 eristi,

142 839 145 842 >
189 816 277 873 met.
304 802 352 873 In
378 798 558 874 omnibus
582 799 815 881 lacertarum
840 801 1044 904 generibus
1071 830 1175 879 ame
1195 802 1432 904 investigatis
1457 799 1619 876 eandem
1643 827 1795 906 semper

186 931 383 1011 cochleam
409 931 551 1006 inveni.
584 933 765 1025 Fenestra
792 934 974 1025 rotunda,
1003 937 1111 1040 quod
1137 937 1235 1012 bene
1262 934 1447 1010 Cuvier
1472 923 1524 1029 ⁴³)
1562 932 1791 1021 observavit,

189 1064 232 1143 in
256 1063 393 1140 maiori
422 1063 509 1139 ossis
536 1064 748 1168 occipitalis
784 1067 947 1143 cavitate
971 1067 1194 1144 abscondita
1221 1088 1299 1163 est,
1329 1091 1433 1170 quae
1459 1064 1671 1139 eminentia
1697 1093 1792 1166 qua-

139 1240 142 1247 ·
188 1196 296 1281 (lam,
323 1195 433 1298 quasi
458 1223 576 1301 parvo
609 1223 704 1272 arcu
737 1195 932 1275 formatur
967 1201 1192 1305 partimque
1218 1201 1436 1302 obtegitur,
1463 1225 1583 1301 quam
1608 1197 1792 1272 facillime

186 1304 366 1434 reperies·
414 1334 463 1406 In
488 1346 695 1433 conspectu
720 1351 776 1408 est
800 1334 864 1408 vel
892 1333 935 1410 in
960 1334 1194 1409 lacertarum
1220 1331 1362 1408 craniis
1396 1358 1418 1405 a
1444 1302 1664 1407 Cuviero
1698 1329 1793 1426 deli·
1820 1398 1823 1405 .
1889 1355 1891 1359 ’

189 1464 330 1552 neatis,
365 1464 422 1539 vel
455 1465 671 1540 accuratius
704 1466 748 1540 in
776 1465 943 1570 imagine
976 1465 1101 1540 cranii
1126 1464 1334 1556 Geokonis,
1373 1444 1493 1568 quam
1515 1463 1711 1539 Nitzsch
1737 1491 1786 1586 44)

139 1614 143 1622 “
189 1593 296 1671 dedit
323 1596 365 1672 in
391 1616 560 1700 utroque
585 1599 704 1674 latere
730 1600 817 1675 ossis
842 1601 1064 1706 occipitalis.
1125 1602 1273 1675 Tamen
1306 1599 1335 1675 si
1363 1597 1413 1674 ad
1439 1595 1575 1703 capitis
1609 1595 1788 1671 directio-

188 1731 277 1803 nem
302 1729 475 1835 respicis,
502 1731 631 1835 potius
656 1752 741 1838 post
766 1733 970 1809 fenestram
995 1735 1144 1808 ovalem
1170 1732 1321 1827 haeret,
1347 1759 1467 1836 quam
1491 1730 1563 1807 sub
1589 1756 1652 1818 ea,
1679 1728 1786 1831 quod

69 1901 70 1905 ¹
187 1863 368 1972 ⁸Cuvier
403 1861 508 1939 (licit.
571 1866 690 1942 Cuius
727 1866 770 1943 in
804 1865 927 1943 fundo
962 1869 1134 1942 cavitatis
1170 1866 1249 1941 duo
1287 1866 1541 1970 reperiuntur
1573 1863 1784 1951 foramina,

187 1999 336 2088 minus,
362 1997 470 2101 quod
495 1996 542 2072 ad
569 1999 771 2076 cavitatem
797 2002 920 2075 cranii
946 1998 1071 2088 ducit,
1109 1999 1309 2102 maiusque
1334 1997 1559 2072 membrana
1594 1996 1782 2082 clausum,
1810 2052 1816 2065 .
1845 2089 1848 2093 .

187 2130 314 2206 aditus
339 2129 389 2206 ad
414 2104 578 2235 parvum
604 2133 777 2207 canalem
801 2132 851 2207 ad
875 2121 1016 2208 lineam
1038 2127 1295 2206 medianam
1274 2130 1398 2205 cranii
1419 2147 1651 2232 vergentem,
1676 2127 1784 2202 Idem
1847 2126 1849 2130 ’

188 2265 435 2367 aliquantum
478 2283 579 2339 retro
606 2264 726 2341 flexus
752 2284 808 2341 est
841 2293 887 2340 ac
915 2267 1004 2341 satis
1028 2292 1207 2367 maguam
1232 2281 1456 2368 aperturam
1480 2263 1524 2338 in
1550 2262 1783 2337 vestibulum

188 2415 384 2472 moffnstrat
435 2377 494 2471 Ab
532 2398 632 2472 ovali
670 2397 843 2474 rotunda
877 2375 1042 2476 fenestra
1074 2424 1230 2503 prorsus
1263 2397 1408 2473 eadem
1422 2398 1592 2486 ratione,
1634 2395 1781 2499 quain

191 2526 408 2619 Crocodilo,
444 2527 636 2605 disiuncta
671 2550 726 2605 est
762 2532 958 2608 trabecula
993 2559 1092 2608 ossea
1120 2548 1301 2634 angusta,
1337 2530 1474 2610 latiore
1510 2547 1636 2602 tamen
1656 2512 1782 2643 quain

138 2655 143 2664 ’
188 2658 276 2734 illic.
328 2664 457 2737 Partes
482 2664 615 2738 molles
640 2664 854 2768 consistunt
874 2691 919 2739 ex
937 2654 1266 2765 cartilaginibusl
1269 2638 1431 2780 ⁵)ovale
1457 2663 1586 2736 minus
1609 2661 1779 2736 forman

186 2791 309 2883 tibus,
338 2819 465 2897 neque
492 2797 672 2885 curvatis,
699 2816 737 2872 et
764 2824 809 2871 ex
833 2787 1005 2899 tagenal
1006 2787 1215 2892 ⁰)ratione
1232 2776 1448 2874 ceterarum
1466 2794 1639 2901 partium
1655 2796 1780 2869 multo

156 2925 343 3012 maiori,
376 2945 415 3002 et
447 2904 527 3002 fere
552 2930 703 3004 sacculo
731 2929 991 3021 nominanda,
1025 2956 1126 3034 quae
1151 2931 1269 3006 etiam
1294 2929 1419 3004 nervis
1445 2929 1617 3033 praedita
1643 2946 1713 3017 est,
1742 2936 1796 3000 ει

184 3059 355 3134 multum
389 3061 492 3136 ultra
529 3062 722 3138 circulum
755 3064 1051 3168 cartilagineum
1081 3063 1286 3179 prominet.
1333 3039 1486 3136 'Nervus
1511 3061 1716 3136 cochlearis
1730 3047 1779 3152 4ἲ)

186 3187 376 3294 denique,
412 3192 525 3269 cuius
557 3194 873 3303 distributionem
912 3198 974 3274 hic
1010 3198 1136 3273 solum
1176 3186 1220 3271 in
1257 3199 1390 3298 lagena
1415 3219 1616 3297 agnoscere
1641 3192 1777 3281 licuit,

158 3388 161 3393 .
182 3323 299 3403 etiam
326 3346 490 3432 parvum
516 3332 713 3410 ramulum
738 3328 788 3426 4⁸)
812 3331 862 3407 ad
887 3330 1066 3408 vestibuli
1090 3343 1241 3406 saccum
1266 3328 1400 3406 mittit.
1490 3373 1492 3377 <

764 3519 821 3608 D
881 3517 943 3627 [ιι
976 3483 1207 3648 Ophr'dtis

279 3713 389 3791 ldem
414 3732 610 3820 organon,
643 3715 776 3795 eodem
800 3719 878 3794 situ
913 3716 1124 3828 eademque
1149 3716 1265 3792 fere
1253 3735 1407 3793 interna
1433 3687 1629 3790 structura
1656 3735 1772 3814 prae

185 3843 336 3940 ditum,
360 3845 425 3922 hic
449 3874 607 3952 quoque
632 3851 855 3954 reperimus
906 3850 1114 3957 Dipsadem
1128 3850 1217 3930 satis
1241 3877 1419 3953 magnam
1442 3873 1527 3956 eam
1552 3842 1601 3920 ob
1623 3869 1780 3918 causam

191 4063 577 4083 m

225 4123 275 4281 43)
297 4203 414 4266 Ossem
437 4196 523 4269 Foss.
545 4205 586 4265 V.
613 4228 646 4288 p.
671 4207 740 4271 253.

222 4315 275 4401 ff)
300 4318 930 4411 MeetelsArctrvsrrdrePthtotogre
972 4317 1484 4403 Tan.v11.taut.sig.'5.'s

222 4431 278 4515 45)
302 4433 378 4496 Tab.
401 4436 438 4495 ll.
457 4399 523 4520 Fig
552 4458 638 4501 tna

222 4545 277 4634 46)
299 4549 378 4624 Tab.
401 4551 442 4611 ll.
464 4553 529 4633 [ἧς.
553 4573 600 4611 ιι.
622 4555 649 4615 h.

219 4664 275 4750 47)
300 4667 379 4729 Tab.
402 4670 444 4728 ll.
467 4670 535 4752 Fig.
562 4691 607 4735 ιι,
630 4693 656 4728 c.

219 4781 276 4857 48)
296 4784 373 4848 Tab.
398 4786 438 4846 ll.
454 4786 531 4870 '‘Fig.
562 4807 608 4848 ιι.
629 4790 662 4848 cl.
