4298 5340
965 329 1229 411 ...7-

281 583 445 667 interno
464 587 683 688 sita-tiques
709 592 874 666 neruum
898 581 1110 659 acusticum
1135 580 1379 685 bipartitum,
1403 600 1442 658 et
1464 583 1577 659 sicuti
1606 583 1647 658 in
1672 587 1810 659 Proteo
1837 583 1879 658 in

193 806 202 827 1
283 740 392 790 sacco
416 735 457 791 et
481 713 727 821 ampullisse
752 716 1031 808 diramantem,
1064 714 1357 801 transmittunt3
1404 732 1590 818 magnum
1614 716 1793 803 tertium,
1828 716 1886 805 ad

283 848 472 950 parietem
496 848 721 925 inferiorem
744 850 884 936 situm,
896 849 1112 951 fenestram
1128 849 1277 923 orelam.
1330 852 1587 953 Apparatum,
1615 875 1700 950 quo·
1722 849 1876 922 obtura·

275 1000 370 1089 Itur,
396 1007 442 1054 ex
468 981 593 1057 tribus
618 983 796 1086 partibus
820 982 1024 1057 coeuntem
1052 981 1201 1070 inveni,-
1228 980 1335 1083 quod
1362 982 1579 1083 neglexerat
1596 981 1875 1070 Blaiuville3

283 1114 347 1188 cui
373 1113 639 1217 cartilaginem
668 1114 932 1191 branchialem
969 1115 1036 1191 hie
1070 1115 1175 1190 inter
1208 1114 1368 1190 ossicula
1406 1111 1600 1191 auditoria
1628 1113 1772 1188 referre
1799 1115 1879 1216 pla÷

284 1247 375 1320 cuit.
428 1248 561 1349 Neque
591 1248 848 1350 ligamentum
881 1247 991 1323 illud·
1014 1248 1176 1348 longum
1209 1273 1253 1322 ac
1289 1265 1405 1321 tenue
1432 1246 1606 1320 invenire
1631 1246 1762 1350 potui,
1797 1241 1875 1346 quo

284 1381 512 1483 operculum
546 1380 749 1457 foraminis
781 1382 897 1456 ovalis
933 1407 1024 1454 cum
1043 1415 1047 1422 ·
1063 1378 1393 1479 illa-cartilagine
1436 1378 1654 1453 branchiali
1690 1378 1875 1478 coniungi
1948 1380 1951 1385 ’

283 1509 462 1587 affirmat.
513 1513 585 1588 Res
611 1512 665 1586 ita
689 1537 727 1586 se
751 1511 894 1587 habet:
931 1537 1020 1616 pars
1045 1510 1190 1602 maior,
1228 1510 1392 1585 interior
1414 1528 1452 1584 et
1478 1511 1666 1614 posterior
1691 1495 1876 1584 fenestrae

283 1642 332 1717 ab
357 1646 545 1749 operculo
559 1641 608 1738 ²²)
634 1644 778 1746 tegitur
801 1644 1073 1746 cartilaginem
1100 1643 1205 1719 intus
1231 1642 1417 1719 nonnihil
1440 1661 1771 1732 erearum-extus
1787 1669 1877 1716 con-

173 1770 185 1787 “’
281 1802 397 1864 vexo,
422 1778 472 1854 ab
497 1777 682 1854 anteriori
708 1797 817 1881 parte
842 1776 951 1880 quasi
981 1796 1177 1865 truncato,
1206 1775 1340 1852 eodem
1363 1775 1467 1864 loco,
1493 1803 1572 1879 quo
1599 1804 1688 1850 cum
1714 1777 1877 1851 ossiculo

281 1909 448 1985 secundo
475 1909 523 2004 ²3)
559 1910 822 2012 coniungitur.
883 1912 966 1984 Hoc
1002 1909 1209 1984 ossiculum
1244 1907 1415 1983 consistit
1440 1933 1489 1982 ex·
1519 1911 1618 2011 stylo
1644 1935 1761 2012 parvo
1787 1933 1874 1981 vere
1926 1994 1930 2004 Ι
2046 1900 2049 1908 ’

285 2067 407 2132 osseo,
442 2063 484 2121 et
519 2044 652 2148 patina
687 2070 803 2148 parva
832 2043 956 2117 etiam
993 2041 1211 2145 quidquam
1234 2048 1440 2128 excavata,·
1464 2041 1736 2142 cartilaginea3
1774 2069 1875 2144 quae

168 2231 170 2236 .
283 2178 571 2278 cum'margine
598 2195 777 2251 truncato
804 2176 978 2279 operculi
1002 2173 1201 2276 ligamenti
1229 2196 1301 2276 ope
1328 2170 1591 2261 connectitur,
1630 2193 1669 2248 et
1694 2173 1775 2247 fere
1802 2194 1876 2248 ter-

287 2304 380 2381 tiam
407 2326 560 2410 partem
585 2307 773 2383 fenestrae
799 2305 982 2382 occludit.
1034 2307 1128 2382 Illae
1155 2305 1255 2380 duae
1281 2322 1408 2407 partes
1433 2303 1582 2377 bullam
1608 2279 1877 2408 parvamicar·

283 2434 525 2536 tilagineam,
554 2438 596 2512 in
622 2437 804 2517 inferiore
831 2438 967 2542 capitis
991 2437 1089 2512 facie
1114 2436 1419 2540 praeminentem
1445 2436 1631 2525 formant,
1664 2463 1764 2539 quae
1791 2465 1876 2511 mu·
1981 2441 1983 2447 ’

282 2568 397 2644 sculis
422 2595 467 2644 ac
491 2587 579 2645 cute
605 2568 778 2646 faucium
808 2570 959 2652 ,obtecta
992 2588 1058 2646 est.
1095 2569 1287 2670 Denique
1320 2566 1370 2641 ad
1404 2569 1552 2672 apicem
1579 2569 1730 2645 ossiculi
1758 2569 1876 2643 huius

281 2698 537 2806 ligamentum
563 2698 612 2795 ²4)
638 2731 819 2808 parvum,
854 2701 942 2780 satis
978 2704 1136 2780 firmum
1169 2699 1371 2793 adhaeret,
1408 2699 1515 2803 quod
1549 2702 1631 2778 fere
1652 2701 1778 2778 medio
1805 2703 1875 2778 ossi

283 2833 504 2935 tympanico
539 2833 727 2939 infigitur.

628 3186 631 3191 ι
753 3085 819 3158 1v.
871 3085 1405 3177 santusunmtta.

382 3277 627 3358 Sclamundru
663 3285 861 3370 vinculata.
914 3283 965 3360 Os
992 3300 1195 3390 'petrosum
1228 3285 1270 3360 in
1312 3285 1379 3359 illa
1413 3262 1570 3388 quoque
1605 3283 1876 3389 labyrinthum
1907 3341 1910 3343 »

284 3409 478 3500 continet3
513 3412 587 3491 hoc
623 3403 909 3494 circumdatum
941 3435 1006 3492 est
1029 3444 1053 3492 a
1078 3435 1184 3520 tergo
1210 3417 1361 3494 ab‘osse
1387 3417 1600 3521 occipitali‚
1635 3418 1684 3493 ab
1720 3417 1875 3493 interna

284 3561 396 3646 parte
434 3545 486 3622 ab
510 3569 587 3624 osse
612 3548 809 3652 parietali3
856 3547 1019 3626 inferius
1052 3575 1075 3622 a
1110 3549 1378 3655 sphoenoideo.
1431 3548 1492 3624 Ad
1517 3549 1731 3652 marginem
1756 3569 1876 3626 exter·

200 3665 202 3669 ¹
282 3702 380 3755 num
405 3681 642 3785 superiorem
666 3682 757 3758 ¹ossis
781 3683 924 3788 petrosi
950 3682 1218 3789 tympanicum
1242 3681 1481 3774 adnectitur,
1512 3680 1619 3786 quod
1643 3683 1759 3759 simul
1785 3710 1875 3758 cum

282 3806 358 3884 osse
367 3811 620 3904 intermedio,
640 3813 937 3911 acuvieroe)
954 3817 1008 3893 sic
1024 3805 1242 3906 nominato,
1269 3815 1460 3919 quadrato
1473 3814 1642 3890 aliorum
1660 3815 1874 3922 respondet.

280 3941 360 4015 Sub
386 3970 464 4020 osse
502 3943 1053 4054 tympanicojpte'rygoideum
1074 3946 1204 4024 adhuc
1229 3946 1330 4022 cum'
1345 3964 1496 4052 petroso
1523 3946 1778 4022 coniunctum
1803 3966 1874 4038 est,

284 4072 459 4197 quodujn
485 4068 591 4199 ranis
615 4079 759 4157 iterum
785 4057 1035 4162 inveniemus.
1063 4082 1173 4183 Quae
1199 4106 1276 4159 ossa
1303 4078 1749 4186 petrosummaximaex
1764 4099 1875 4183 parte

293 4292 777 4320 -...-........-..

323 4444 380 4515 aa)
400 4420 480 4502 Tab.
503 4442 530 4504 1.
553 4443 618 4527 Fig.
642 4467 673 4508 a.
691 4447 724 4509 d.

324 4559 381 4632 23)
400 4557 479 4657 Tab.
504 4559 530 4621 1.
550 4559 619 4643 Fig.
637 4580 664 4622 ι.
686 4563 716 4624 d
738 4562 807 4649 Fig.
821 4587 852 4628 α.
870 4589 923 4639 a„

324 4670 380 4750 24)
401 4662 479 4743 Tab.
502 4670 528 4743 l'.
549 4671 620 4760 Pig.
648 4698 675 4739 ι.
693 4684 734 4744 e.'
749 4679 819 4765 Fig.
836 4684 868 4744 i:
894 4684 924 4744 b.

245 4768 293 4859 lili
324 4786 482 4865 attaeab.
505 4791 528 4854 l.
554 4793 623 4877 Fig.
650 4797 739 4894 μβ-

198 5112 226 5189 e
