4298 5340
876 318 1213 415 ...5-

291 615 417 669 unum
443 574 682 670 coiretuicit.
735 586 853 688 Quod
877 585 1028 689 adtinet
1051 586 1102 664 ad
1128 586 1188 678 id,
1221 604 1358 664 utrum
1384 585 1427 663 in
1453 584 1653 662 canalibus
1681 586 1791 665 osseis
1821 588 1890 692 ing

212 819 214 824 .
285 723 382 801 elusi
414 723 493 800 sint
519 722 803 801 membranacei
823 747 907 798 nec
931 747 1002 818 ne,
1055 718 1237 824 equidem
1264 716 1375 797 valde
1409 717 1553 794 dubius
1585 746 1699 828 sum,
1731 710 1905 796 summa⁴

288 855 395 931 enim
427 853 628 958 diligentia
659 853 744 930 fieri
773 878 854 929 non
885 854 1036 959 potuit,
1074 872 1123 930 ut
1152 852 1240 930 talis
1274 850 1418 928 canalis
1451 852 1505 928 ita
1538 878 1561 927 a
1592 853 1785 958 superiori
1824 854 1879 927 la-

287 1007 368 1063 tere
400 987 636 1092 aperiretur,
674 1003 723 1062 ut
744 985 793 1061 ab
824 985 1002 1062 inferiori
1039 986 1191 1062 clausus
1222 983 1353 1061 adbuc
1380 1003 1612 1090 appareret,
1648 983 1775 1089 quod,
1817 986 1878 1061 uti

285 1117 517 1209 videbimus,
542 1118 584 1195 in
598 1115 974 1194 Salamandra*facili
994 1119 1148 1220 negotio
1172 1117 1297 1193 fiebat.
1355 1121 1505 1193 Verum
1536 1115 1680 1192 canalis
1709 1108 1875 1220 uterque
1907 1199 1909 1204 ,

288 1249 441 1352 longior
472 1248 647 1325 decurrit
681 1249 726 1324 in
756 1249 979 1326 semicanali
1011 1275 1111 1325 osseo
1143 1249 1310 1355 cupulae
1347 1274 1414 1325 seu
1459 1249 1641 1353 tegmenti
1675 1250 1875 1339 vestibuli,
1910 1260 1912 1265 '

287 1401 327 1458 et
360 1380 595 1484 quibusdam
625 1383 718 1458 locis
744 1381 870 1459 nihilo
901 1381 1023 1458 secius
1052 1394 1185 1457 tenues
1210 1369 1310 1455 mibi
1339 1380 1557 1455 trabeculae
1592 1406 1714 1456 osseae
1751 1379 1877 1473 adesse

288 1513 542 1608 videbantur,
572 1542 673 1619 quae
700 1517 849 1593 canales
872 1516 1183 1591 membranaceos
1197 1498 1199 1502 Α
1213 1513 1331 1589 etiam
1364 1514 1414 1588 ab
1441 1512 1619 1589 inferiori
1652 1513 1771 1588 latere
1795 1513 1878 1587 -cir-

287 1647 528 1724 cumdarent.
578 1648 735 1747 Etenim
747 1661 771 1734 ‚'
787 1675 912 1752 quum
936 1646 1061 1724 omnis
1079 1666 1260 1724 externus
1276 1645 1454 1721 vestibuli
1478 1645 1601 1750 paries
1617 1644 1809 1737 detractus
1823 1670 1877 1719 es·

167 1786 187 1799 ’“
286 1799 360 1871 set,
402 1779 546 1858 canalis
568 1779 864 1856 semicircularis
894 1798 1074 1856 externus
1101 1779 1169 1855 tali
1201 1780 1349 1855 annulo
1379 1805 1479 1855 osseo
1505 1804 1716 1884 >suspensus
1748 1776 1878 1852 adhuc

287 1890 481 2023 apparuit.
507 1913 618 2010 Quae
636 1938 694 1990 res
710 1938 754 1989 eo
770 1911 1016 1988 verisimilior
1034 1911 1134 1987 mibi
1145 1930 1218 2002 est,
1232 1911 1381 2016 quippe
1397 1939 1518 2014 quam
1535 1910 1577 1985 in
1589 1912 1749 1986 Axolote
1775 1936 1877 1984 ame·

290 2042 440 2142 ricano,
468 2045 511 2120 in
529 2073 609 2148 quo
624 2045 746 2149 magis
766 2044 969 2151 perspicua
992 2044 1122 2121 omnia
1143 2045 1261 2132 liunt,
1288 2042 1450 2120 eandem
1468 2068 1625 2148 prorsus
1639 2043 1877 2119 invenissem.

256 2279 259 2284 Ι
382 2175 546 2252 Cocblea
585 2205 677 2254 cum
703 2177 869 2254 fenestra
896 2155 1065 2255 rotunda
1092 2177 1237 2255 nullibi
1266 2175 1382 2254 adest

384 2311 419 2411 3.
471 2337 663 2412 Axelotes
686 2342 939 2412 amaricanus.
1010 2340 1013 2344 ⁴

303 2530 311 2541 η
387 2468 603 2560 Axolotem,
644 2468 751 2572 quod
782 2468 832 2544 ad
866 2494 1002 2546 aurem
1027 2487 1190 2575 spectat,
1229 2470 1299 2546 soli
1330 2469 1508 2546 Cuvier
1544 2469 1879 2547 etBlainville

289 2599 584 2706 descripserunt.
634 2601 811 2701 Cuvier
837 2603 881 2678 in
911 2601 1125 2708 appendice
1148 2601 1199 2678 ad
1226 2601 1483 2681 Humboldtii·
1500 2604 1778 2716 observationes
1799 2630 1881 2679 zoo-

287 2731 428 2835 logicas
465 2751 504 2809 et
536 2713 780 2812 intractata
815 2735 863 2812 de
906 2736 1050 2814 ossibus
1091 2736 1302 2830 fossilibus,
1349 2736 1540 2814 existimat
1577 2738 1693 2812 illum
1723 2738 1882 2812 'laruam
1932 2816 1939 2835 ὓ,
2047 2744 2051 2751 ’

285 2861 559 2941 salamandrae
583 2865 786 2944 cuiusdam
817 2895 893 2946 esse
928 2869 1131 2974 bucusque
1160 2870 1331 2973 ignotae,
1374 2898 1494 2974 quam
1528 2869 1706 2973 sequitur
1732 2887 1883 2944 senten-

288 2995 383 3072 tiam
417 2997 702 3075 Blainville.
780 3003 893 3079 Hanc
930 3029 1025 3079 rem·
1049 3029 1129 3079 non
1171 3003 1226 3079 ita
1265 3030 1306 3079 se
1352 3000 1495 3075 babere
1532 3002 1712 3076 Miiller
1752 2997 1800 3095 13)
1839 3025 1884 3074 ac

288 3129 473 3206 Ratbbe
495 3127 546 3226 ΙΙ4)
585 3158 647 3209 me
683 3132 927 3228 docuerunt,
983 3137 1054 3240 qui
1094 3127 1220 3238 quum
1261 3132 1432 3208 Berolini
1484 3133 1717 3238 exemplaria
1752 3129 1898 3208 adulta·

289 3261 493 3367 utriusque
517 3252 626 3342 seius
656 3288 1014 3372 perscrutarentur,
1056 3268 1099 3349 in
1134 3292 1240 3344 mare
1273 3285 1381 3365 testes
1402 3265 1664 3368 vesiculasque
1689 3265 1889 3341 seminales

288 3388 399 3474 valde
424 3397 603 3500 repletas,
634 3397 676 3475 in
700 3399 846 3476 semina
869 3425 939 3479 ova
968 3403 1050 3479 fere
1070 3421 1224 3478 matura
1247 3401 1482 3477 invenerunt
1490 3433 1501 3495 3
1543 3416 1583 3475 et
1611 3399 1677 3475 ille
1705 3426 1885 3502 quoque,
2003 3383 2006 3387 ’

171 3524 172 3533 ’
285 3551 405 3642 quem
425 3527 911 3634 egondissecui,Axolotes,
944 3538 1014 3639 qui
1044 3533 1304 3637 longitudinis
1333 3534 1467 3639 8poll.
1484 3533 1598 3638 paris.
1623 3552 1718 3624 erat,
1753 3535 1882 3625 avaria

285 3658 508 3737 ostendebat
528 3660 626 3753 duo,
658 3691 730 3769 per
748 3693 863 3742 omne
886 3667 1078 3745 abdomen
1107 3685 1304 3778 protracta
1333 3686 1372 3741 et
1393 3664 1472 3741 ovis
1494 3668 1658 3742 maturis
1678 3667 1885 3772 perimple-
1973 3708 1975 3711 ·

285 3809 334 3866 ta.
361 3793 422 3868 Ab
443 3813 602 3872 externo
630 3799 852 3873 ovariorum
875 3801 1014 3885 latere,
1040 3797 1258 3893 oviductus,
1283 3798 1415 3901 quales
1440 3797 1625 3874 Ratble
1648 3802 1672 3874 l.
1690 3801 1714 3874 l.
1750 3798 1938 3879 deseri-u·-

285 3922 378 4024 psit,
402 3923 680 4020 decurrebant,
706 3929 954 4030 longitudine
975 3950 1014 4005 ct
1044 3929 1210 4005 crassitie
1225 3929 1392 4031 maxima
1420 3931 1596 4034 insignes.
1649 3929 1885 4034 (Longitudo

287 4072 370 4128 erat
395 4053 442 4130 25
462 4060 557 4161 poll,
572 4061 688 4163 paris·
716 4079 755 4137 et
785 4062 968 4145 crassitles
993 4063 1062 4138 ubi
1095 4062 1279 4152 maxima,
1313 4061 1581 4159 alinearum).
1635 4062 1791 4170 Oppido
1816 4093 1884 4140 au·
1988 4068 1994 4082 ‘

171 4198 189 4266 Γ
285 4201 365 4259 tem
391 4210 529 4266 notum
553 4211 608 4268 est
633 4193 676 4269 in
705 4194 954 4272 salamandra
983 4194 1251 4274 tumdemum
1275 4195 1457 4298 genitales
1478 4216 1604 4301 partes
1624 4197 1881 4288 conformari,

287 4342 416 4418 quum
442 4321 633 4401 branchos
656 4323 836 4406 amiserit.
888 4327 1044 4406 Accedit
1061 4331 1264 4406 Axolotem
1286 4330 1416 4405 oculos
1434 4329 1618 4416 obtectos,
1636 4331 1768 4434 quales
1784 4335 1877 4407 Pro·

224 4672 229 4678 ’
274 4766 280 4781 .
335 4663 381 4741 13)
403 4667 438 4726 M
445 4669 556 4732 iiller
580 4673 622 4737 de
643 4674 861 4757 glandularum
886 4681 1107 4773 secernentium
1132 4679 1274 4761 penitiori
1295 4685 1547 4762 structurarpag.
1561 4640 1612 4745 88³.

241 4774 274 4839 .=·;·
333 4776 621 4875 rttpatttea
644 4793 775 4856 uestes
796 4794 922 4862 Arcus.
947 4796 1035 4880 1829.
1063 4816 1181 4879 tm.
1680 4782 1683 4788 ’
