4298 5340
953 152 1029 225 ..r-.-

899 265 1197 372 -tt-

353 543 594 643 Membranaa
618 540 839 618 surculosus.
865 541 1116 645 Quamquam
1142 540 1184 616 in
1209 539 1282 615 hac
1308 537 1532 613 membrana
1558 527 1649 611 vasa
1670 560 1748 610 non
1770 528 1869 612 ram'

128 738 130 742 .
253 670 453 781 perspicue
477 673 557 751 vidi
581 675 769 780 quam-in
793 673 948 764 aribus,
982 693 1113 750 tamen
1145 671 1220 748 hoc
1251 698 1337 746 earn
1371 668 1529 746 nomine
1551 683 1658 742 'voco
1697 667 1746 742 ob
1780 667 1848 741 bas

52 904 57 916 .
145 885 146 889 ,
255 837 392 887 causas.
445 808 601 884 Etenim
627 808 699 904 hae
725 832 882 909 quoque
909 806 952 881 in
978 832 1041 896 re,
1077 805 1194 880 utin
1218 804 1304 880 aliis
1329 801 1526 910 pluribus,
1552 827 1677 902 quum
1703 798 1850 875 detexe-

255 943 330 1017 rim
364 942 429 1033 id,
462 941 569 1045 quod
593 942 642 1017 ab
676 939 791 1043 initio
815 938 996 1030 laminas,
1023 958 1070 1016 ut
1094 939 1137 1014 in
1163 937 1298 1025 avibus
1322 937 1555 1030 habueram,
1582 933 1852 1010 cohaerentem

254 1099 510 1179 rugosamque
535 1072 801 1149 membranam
825 1097 917 1163 esse,
945 1099 1058 1149 causa
1083 1070 1182 1148 mihi
1207 1089 1324 1175 atque
1350 1067 1648 1146 incitamentum
1671 1085 1776 1156 erat,
1805 1083 1853 1167 ut
1922 1062 1926 1069 ’

254 1205 297 1281 in
323 1199 486 1284 laminas
509 1205 640 1281 avium
665 1232 688 1280 a
711 1203 922 1297 Trevirano
954 1205 1162 1311 descriptas
1196 1205 1340 1283 iterum
1375 1202 1651 1305 investigarem.
1711 1198 1850 1301 Ibique

215 1344 218 1349 ’
254 1363 379 1438 quum
404 1363 485 1414 rem
511 1339 649 1428 talem,
684 1335 840 1439 qualem
865 1333 1068 1444 descripsi,
1103 1336 1350 1421 invenissem,
1377 1359 1490 1412 nemo
1515 1359 1626 1438 spero
1651 1331 1758 1449 erit,
1777 1331 1848 1433 qui
1931 1437 1933 1442 Ι

256 1469 476 1572 improbare
500 1469 646 1576 poterit
669 1482 730 1544 nte
754 1470 857 1546 hanc
883 1469 1067 1546 crocodili
1082 1467 1366 1559 membranam,
1392 1465 1526 1542 eadem
1550 1465 1630 1540 fere
1654 1465 1778 1576 forma
1805 1491 1849 1538 ac

255 1621 450 1679 structura
475 1601 685 1704 insignem,
722 1602 800 1677 iam
833 1627 990 1704 quoque
1023 1628 1095 1708 pro
1128 1601 1319 1676 vasculosa
1346 1598 1499 1673 habere.
1550 1597 1789 1672 Invenimus.
1809 1596 1851 1670 in

255 1735 455 1810 Crocodilo
481 1734 578 1809 duos
615 1736 753 1811 talium
778 1735 1016 1810 laminarum
1044 1732 1214 1823 ordines,
1251 1734 1311 1807 rel
1335 1731 1465 1837 potius
1489 1710 1731 1807 membranas
1756 1727 1851 1803 duas

254 1892 431 1970 rugosas,
459 1863 730 1968 magnitudine
748 1866 927 1972 impares,
952 1865 1026 1941 sibi
1044 1865 1236 1971 oppositas
1260 1848 1360 1940 etin
1385 1870 1551 1974 conrexa
1576 1854 1851 1962 cartilaginum

254 1997 456 2104 superficie
482 1970 691 2072 haerentes.
742 1997 868 2073 Maior
896 2015 935 2106 et
959 1995 1073 2072 latior
1100 1993 1151 2090 37)
1188 2021 1324 2071 earum
1355 1993 1544 2099 originem
1578 1991 1689 2068 ducit
1722 1993 1772 2068 ab
1805 2019 1858 2111 ea

254 2129 481 2234 cartilagine
507 2126 749 2224 (anteriore),
782 2155 883 2231 quae
908 2155 1026 2206 nervo
1052 2128 1226 2234 opposita
1250 2147 1319 2231 est,
1353 2125 1401 2207 de
1426 2155 1505 2233 qua
1538 2126 1660 2230 libere
1685 2151 1853 2232 propen-

256 2262 340 2353 det,
378 2291 503 2366 quum
541 2286 672 2362 margo
704 2262 803 2335 alter
828 2261 971 2336 nullibi
1004 2259 1152 2335 adfixus
1189 2260 1238 2336 sit
1249 2294 1260 2354 ;
1296 2288 1416 2363 quarn
1448 2261 1499 2337 ob
1521 2286 1604 2335 rem
1629 2287 1703 2336 acu
1728 2238 1850 2362 usqub
1908 2253 1924 2365 Ἰ
2014 2340 2020 2347 ,

255 2392 306 2468 nd
333 2394 522 2494 originem
548 2420 657 2467 suam
682 2391 822 2467 elevari
849 2410 982 2496 potest·
1020 2386 1171 2470 'Iisdem
1204 2394 1309 2495 rugis
1333 2385 1386 2491 318)
1417 2393 1579 2469 materia
1600 2396 1764 2500 pulposa
1779 2394 1854 2505 ciq-

257 2520 446 2598 oumdatis
467 2522 759 2628 interstitiisque
775 2525 957 2630 separatis
975 2525 1162 2602 instructa
1186 2544 1257 2617 ost,
1283 2525 1428 2630 quibus
1453 2527 1496 2601 in
1511 2538 1601 2615 ave,
1626 2527 1700 2600 hoe
1719 2525 1853 2602 discri-

256 2656 383 2740 mine,
409 2674 455 2732 ut
478 2685 558 2762 quo
583 2657 702 2761 magis
727 2657 946 2760 cartilagini
972 2657 1330 2807 adpropinquetur,
1363 2634 1413 2734 eo
1441 2658 1598 2766 planior
1630 2677 1670 2753 et
1694 2660 1852 2735 tenuior

188 2794 194 2800 ’
256 2787 339 2878 fiat,
366 2789 497 2892 margo
523 2788 625 2865 liber
633 2785 719 2895 39)
726 2807 861 2864 contra
888 2790 1071 2895 plurimis
1095 2789 1200 2895 rugis
1224 2789 1440 2869 undulatus
1471 2818 1517 2868 ac
1541 2816 1629 2868 vere
1663 2792 1852 2916 crispatus

254 2937 447 3026 appareat.
500 2922 723 2996 Convexu'm
748 2946 875 2995 versus
900 2922 1000 2998 latus
1024 2948 1142 3028 rugae
1166 2922 1285 3026 magis
1309 2951 1429 3028 quam
1452 2925 1495 3000 in
1521 2951 1688 3002 concavo
1708 2926 1855 3053 promi·

253 3075 345 3127 nere
369 3030 563 3126 videntur.
604 3052 714 3148 Quae
738 3052 981 3161 membrana,
1006 3055 1137 3130 velum
1161 3057 1271 3159 quasi
1297 3054 1557 3148 nominanda,
1584 3057 1618 3133 si
1641 3083 1716 3132 acu
1739 3040 1855 3160 quid-

254 3208 374 3286 quam
398 3182 441 3258 in
467 3185 593 3259 altum
620 3177 838 3275 tolleretur,
872 3185 1061 3263 laminam
1084 3186 1267 3293 spiralbtn
1293 3214 1383 3265 cum
1409 3189 1517 3265 fibris
1541 3215 1754 3266 nervorum
1776 3192 1853 3267 ob-

253 3327 384 3418 tegens
414 3316 636 3420 apparebat
697 3319 755 3392 Ex
788 3300 910 3399 altera
943 3318 1169 3423 cartilagine
1201 3296 1356 3411 similis,
1395 3317 1462 3396 sed
1496 3320 1622 3401 multo
1654 3316 1855 3424 angustior

253 3432 520 3522 membrana
523 3445 556 3540 0)
604 3447 804 3551 originem
840 3449 1031 3569 ducebat,
1076 3449 1125 3528 de
1172 3480 1252 3558 qua
1288 3470 1422 3530 nutem
1461 3454 1563 3529 solus
1604 3481 1738 3558 margo
1781 3454 1855 3530 cri·
1911 3525 1913 3530 .

256 3597 387 3685 spatus
422 3577 753 3686 undulatusque
741 3611 785 3660 ιιι
776 3605 1059 3695 conspectum
1094 3585 1285 3662 veniebat
1346 3590 1456 3703 Inter
1490 3605 1700 3690 utramque
1736 3612 1856 3689 meru-

251 3708 418 3786 branam
449 3737 637 3825 vacuum
633 3733 680 3789 et
711 3730 920 3841 angustum
945 3714 1199 3793 interstitium
1223 3712 1273 3812 ¹)
1308 3712 1555 3827 conspicitur.
1600 3718 1752 3821 Neque
1786 3694 1853 3794 bic

253 3866 390 3917 nervos
438 3840 482 3918 in
530 3861 707 3946 utraque
741 3848 967 3924 membrana
1009 3846 1314 3925 animadvertere
1355 3851 1489 3956 potui,
1540 3875 1680 3955 eosque
1720 3813 1864 3936 adesse

253 3961 463 4085 propterea
505 4000 554 4051 eo
591 3975 711 4080 magis
749 3976 907 4076 dubito,
941 3978 1057 4099 quod
1067 3980 1206 4095 ¹maior
1241 3982 1402 4072 illarum
1449 3983 1792 4098 membranarum
1802 3983 1852 4058 ab

252 4171 565 4212 “.·
639 4192 642 4197 ,
859 4214 864 4240 ι
1096 4104 1100 4109 ·
1625 4110 1633 4119 '¹

255 4242 774 4372 :a7›‡.u0i›.·1.rrg,1aaa
831 4368 834 4373 ,
898 4306 902 4314 ·
1013 4326 1059 4348 ..

200 4391 674 4498 [muamus
825 4480 929 4507 .„

296 4509 664 4602 39>Tab.1.Fig.15.
714 4524 718 4529 '

293 4624 348 4708 do)
370 4627 450 4727 Tan,
472 4634 498 4695 1.
520 4634 590 4719 Fig.
618 4637 665 4705 13.
687 4657 714 4707 e.

294 4741 715 4838 bwumuafi
