4298 5340
896 325 1191 426 ...59-

222 627 232 631 -⁴
246 596 328 691 Fig.
367 593 431 669 lv.
486 595 612 695 Caput
645 594 824 670 Lacertae
858 588 1035 670 ocellatae
1068 595 1241 671 alatcre·
1260 585 1384 672 visum
1408 621 1499 671 oum
1525 594 1696 674 ossiculis
1720 596 1837 672 audi·
1927 637 1933 649 κ

440 796 443 800 ,
497 725 605 798 toriis
630 724 721 817 (nat.
750 724 892 828 magn.)

446 878 475 918 a.
499 851 663 913 ossiculum
685 854 820 913 tertium.

448 971 475 1028 b.
497 968 591 1043 locus,
618 989 680 1050 quo
702 989 771 1028 cum
794 969 926 1030 secundo
948 981 978 1030 et
992 990 1062 1030 cum
1076 968 1187 1059 angulo
1201 969 1351 1052 superiori
1364 970 1438 1033 ossis
1451 970 1838 1055 tympaniciconiungitur.
1898 1000 1900 1004 ·

447 1110 473 1146 c.
497 1085 661 1146 ossiculum
684 1085 818 1145 medium
839 1106 890 1146 seu
913 1083 1088 1148 columella.

447 1205 480 1263 d.
501 1225 535 1264 os
558 1203 768 1284 tympanicum
789 1222 841 1262 seu
864 1201 1059 1285 quadratum,
1081 1204 1217 1286 margine
1232 1213 1354 1264 externo
1368 1215 1399 1265 et
1413 1206 1536 1264 interno
1563 1204 1755 1285 cavitateque
1778 1202 1839 1284 sig·

497 1319 615 1380 moidea
637 1319 763 1400 insigne.

246 1444 330 1540 Fr'g.
357 1445 403 1516 V.
455 1442 583 1544 Caput
610 1439 890 1514 Chamaeleonis
915 1467 937 1515 a
970 1437 1067 1514 facie
1100 1436 1276 1514 inferiori
1309 1457 1347 1516 et
1372 1437 1575 1545 posteriori
1599 1437 1722 1514 visum
1740 1434 1837 1535 (nat.

497 1569 649 1674 magu).

448 1726 476 1762 a.
499 1700 622 1762 maxilla
642 1700 778 1765 inferior.

429 1820 478 1917 ⁴b.
503 1839 536 1877 os
558 1819 766 1898 tympanicum
774 1835 841 1875 ,seu
862 1812 1056 1894 quadratum.

445 1959 470 1996 c.
491 1932 670 2018 membrana
679 1931 816 2005 navitatis
826 1929 962 2012 tympani
975 1927 1098 1990 alterius
1113 1927 1227 2006 lateris3
1241 1927 1347 1990 eadem
1359 1930 1387 1990 in
1401 1926 1495 1991 latere
1508 1932 1646 2013 opposito
1667 1931 1767 1992 demta
1786 1943 1840 1993 cst.

449 2051 479 2110 d.
505 2047 689 2129 cartilaginis
704 2047 871 2106 auditoriae
885 2067 920 2105 ea
932 2067 1013 2127 pars,
1038 2066 1115 2128 quae
1130 2067 1146 2105 a
1161 2045 1339 2106 membrana
1357 2049 1495 2129 tympani
1513 2068 1574 2107 non
1590 2048 1751 2108 investitur
1771 2058 1801 2107 et
1822 2069 1840 2106 a

498 2166 627 2225 cavitate
649 2166 785 2246 tympani
818 2161 999 2240 excluditur,
1023 2183 1115 2245 supra
1135 2172 1166 2222 et
1189 2161 1267 2222 infia
1291 2183 1359 2222 curn
1381 2183 1448 2222 osse
1467 2164 1641 2245 tympanico
1664 2166 1865 2241 coniuncta3·

496 2286 528 2341 in
550 2282 688 2363 opposito
710 2278 802 2339 latere
823 2277 957 2338 eiusdem
979 2299 1049 2338 cnm
1070 2276 1198 2338 ossiculo
1218 2277 1369 2337 auditorio
1392 2279 1566 2341 coniunctio
1587 2279 1777 2359 observatur.

586 2403 611 2475 ι)
632 2417 703 2478 pars
719 2395 843 2456 inferior
859 2392 1246 2474 cartilagineacommunis,
1262 2391 1321 2452 ossi
1338 2394 1511 2475 tympanico
1523 2395 1638 2469 iuncta,
1652 2395 1792 2455 desinens
1808 2397 1840 2455 in

579 2515 610 2587 2)
631 2512 830 2593 ligamentum
845 2504 1089 2592 suspensorium,'
1106 2507 1188 2591 quod
1204 2509 1352 2591 superiori
1369 2509 1479 2592 angulo
1502 2512 1578 2571 ossis
1597 2511 1765 2593 tympanici
1786 2511 1840 2570 ad·

672 2629 805 2688 nectitur
819 2637 849 2686 ct
1494 2628 1497 2632 ’

581 2745 610 2823 3)
634 2744 798 2805 ossiculum
820 2744 1019 2821 auditorium,
1043 2765 1099 2836 sen
1118 2741 1323 2805 columellam.

246 2869 328 2966 Fig.
356 2871 423 2941 VI.
477 2864 663 2940 Granium
704 2867 884 2937 Tortricis
916 2891 937 2937 a
969 2863 1075 2955 facie.
1099 2862 1277 2938 inferiori
1308 2861 1450 2951 visum,
1494 2861 1539 2938 in
1575 2864 1696 2939 altero
1722 2865 1841 2941 latere

498 3025 538 3071 os
570 2994 824 3098 quadratum,
859 3021 916 3072 os,
935 2995 1230 3099 pterygoideum
1255 3015 1295 3072 et
1326 2995 1496 3070 maxilla]
1520 2995 1692 3079 inferior,
1714 2996 1841 3074 demta

493 3151 603 3218 sunt,
639 3147 685 3203 ut
719 3126 947 3231 operculum
980 3129 1462 3220 semilunare,·fcnestram
1487 3128 1634 3204 ovalem
1659 3130 1843 3211 claudens

497 3261 681 3337 videatur.

245 3399 329 3495 Fig.
357 3400 443 3472 VII.
495 3396 735 3500 Operculum
760 3394 947 3471 fenestrae
970 3396 1292 3474 oratis-torturis
1307 3393 1453 3469 nodulo
1478 3412 1633 3469 externe
1651 3411 1842 3471 notatum.
1949 3445 1967 3461 a

244 3533 328 3629 Fig.
355 3531 461 3603 VIII.
513 3529 700 3602 Granium
729 3527 1016 3626 amphisbaenam
1036 3524 1272 3626 fuliginorae
1303 3553 1324 3599 a
1359 3525 1455 3601 facie
1488 3524 1665 3620 inferiori
1704 3525 1838 3616 visum,

493 3677 755 3765 utappareat
788 3661 927 3736 cavitas
961 3659 1082 3765 partis
1117 3659 1284 3732 lateralis
1318 3658 1405 3733 ossis
1432 3656 1651 3762 compitalia,
1687 3659 1729 3733 in
1764 3686 1842 3760 qua

494 3795 723 3896 operculum
759 3794 946 3868 fenestrae
988 3791 1104 3867 ovalis
1140 3790 1373 3864 observatur.
1440 3792 1578 3883 Trium
1612 3792 1843 3866 ultimarum

497 3926 711 4028 figurarum
736 3927 794 4001 bis
819 3926 943 4001 maior
968 3921 1194 4035 magnitudo
1220 3940 1285 4033 est,
1312 3950 1430 4024 quam
1457 3924 1656 4001 naturalis.

445 4079 474 4121 a.
496 4077 530 4116 os
552 4057 760 4138 tympanicum
781 4075 834 4115 sen
855 4055 1053 4138 quadratum.

448 4173 476 4230 b.
496 4173 608 4232 cavitas
626 4167 720 4252 partis
740 4167 874 4231 lateralis
895 4172 969 4232 ossis
991 4154 1169 4253 occipitalis.

448 4306 475 4345 c.
500 4287 680 4369 operculum
701 4287 849 4348 fenestrae
871 4265 968 4347 ovalis
989 4288 1022 4347 in
1042 4258 1168 4347 lirevem
1190 4283 1398 4368 pedunculnm
1422 4288 1533 4352 exiens.
