4298 5340
611 1417 965 1616 scorto
1038 1494 1503 1619 snouuol.
1602 1588 1606 1595 .
1694 1570 1699 1579 ·

787 1794 1034 1873 AMPHIBIA
1059 1791 1341 1894 SQUAMATA.

252 2250 356 2363 Atia
380 2286 442 2365 via
451 2306 570 2394 atque
579 2291 731 2369 ratione
754 2289 797 2366 in
818 2289 892 2367 hac
914 2286 1081 2365 sectione
1107 2286 1324 2391 disquisitio
1346 2314 1431 2366 mea
1456 2287 1648 2397 procedet·
1674 2290 1862 2394 Organon
1923 2339 1934 2357 ·
1974 2260 1991 2386 Ι,
2099 2260 2119 2330 ¹·

252 2401 413 2481 auditus
438 2405 651 2499 Crocodili,
677 2406 823 2513 partim
848 2407 941 2511 quia
964 2403 1066 2481 illud
1088 2405 1371 2483 accuratissime
1396 2406 1859 2512 omniumperscrutatus

250 2560 356 2625 cum,
385 2537 530 2640 partim
556 2538 668 2641 quia,
695 2566 768 2644 pro
803 2538 876 2614 hac
901 2536 1062 2641 quidem
1095 2536 1311 2613 animalum
1336 2539 1467 2625 classe,
1502 2538 1544 2614 in
1579 2538 1713 2642 quavis
1747 2559 1857 2643 parte

248 2665 331 2741 sere
382 2668 563 2746 omnibus
611 2671 783 2755 numeris
835 2670 1058 2748 absolutum
1100 2689 1139 2745 et
1189 2687 1500 2747 consummatum
1553 2695 1628 2745 esse
1664 2650 1848 2775 apparet,
1865 2710 1876 2767 ·'.
1959 2738 1965 2743 .

121 2800 124 2805 ’
251 2801 463 2903 perfectam
488 2803 599 2905 quasi
612 2804 777 2909 speciem
803 2823 921 2908 atque
946 2803 1169 2908 exemplum
1195 2828 1433 2909 proponam,
1460 2827 1607 2904 suoque
1632 2803 1736 2893 loco,
1761 2828 1858 2905 quas

250 2932 293 3008 in
318 2934 403 3011 aliis
423 2933 542 3013 huius
567 2938 745 3015 sectionis
768 2936 973 3015 ordinibus
999 2912 1236 3012 differentias
1268 2934 1417 3025 inveni,
1446 2924 1566 3036 quam
1595 2952 1729 3039 potero
1768 2931 1857 3007 dili-

249 3065 464 3166 gentissime
492 3066 712 3173 adiungam.
767 3070 976 3147 Character
1002 3069 1217 3147 communis
1242 3068 1368 3144 omnis
1392 3066 1510 3142 huius
1534 3066 1711 3142 sectionis
1736 3066 1765 3141 is
1790 3085 1857 3152 est,

250 3215 296 3272 ut
312 3195 485 3277 habeant
506 3199 804 3278 atrium'cordis
828 3202 982 3308 duplex,
1009 3228 1150 3309 penem
1175 3200 1392 3305 simplicem
1413 3201 1473 3275 vel
1500 3196 1716 3304 duplicem,
1743 3194 1855 3274 coch-

250 3326 349 3403 leam
366 3328 651 3436 fenestramque
685 3332 895 3411 rotundam
929 3362 1021 3413 cum
1046 3333 1155 3412 ovali.
1206 3339 1255 3409 In
1290 3332 1443 3408 ordines
1468 3351 1639 3436 quatuor
1664 3332 1855 3409 dividitur

253 3485 282 3534 ι.
317 3462 551 3551 Testudines,
584 3493 616 3539 2.
643 3465 884 3559 Crocodilus,
915 3475 948 3545 3.
973 3469 1174 3573 Lacertina
1198 3487 1237 3543 et
1265 3475 1299 3562 4.
1328 3466 1507 3568 ophidio.
1559 3465 1736 3541 Primum
1760 3490 1855 3541 sem-

248 3616 337 3695 per,
365 3613 411 3670 ut
436 3597 640 3688 consuevi,
657 3598 704 3673 de
720 3599 799 3675 situ
825 3602 959 3703 organi
992 3601 1164 3707 auditus,
1192 3618 1276 3675 tum
1302 3598 1358 3699 dc¹
1375 3598 1535 3674 cavitate
1563 3598 1737 3702 tympani
1764 3624 1885 3672 cum·
1950 3660 1953 3665 .

249 3722 303 3811 iis,
330 3751 430 3830 quae
447 3726 527 3801 huc
539 3731 740 3833 pertinent
764 3733 952 3836 partibus,
979 3734 1204 3809 membrana
1228 3733 1414 3839 tympani,
1443 3731 1612 3807 ossiculis
1635 3729 1855 3817 auditoriis,
1908 3772 1932 3843 -Ι

250 3855 348 3931 tuba
375 3860 654 3953 Eustachiana,
682 3862 851 3968 denique
876 3865 925 3941 dc
950 3867 1195 3972 labyrintho,
1222 3887 1258 3942 et
1286 3865 1461 3972 primum
1486 3860 1647 3966 quidem
1672 3862 1720 3938 de
1745 3863 1853 3939 vesti·

226 3980 346 4063 ¹hulo
372 3993 649 4098 canalibusque
673 3997 1039 4092 semicircularibus,
1065 3999 1233 4076 secundo
1259 3999 1307 4074 de
1332 3997 1487 4073 cochlea
1512 4022 1632 4097 agam.

635 4253 663 4322 1.
716 4248 881 4325 sirus
907 4250 1145 4327 oscam
1183 4207 1474 4326 nuulrusss
1519 4308 1524 4327 ι

803 4471 858 4557 Α.
917 4467 975 4556 In
1019 4462 1277 4562 Crocodilo.

347 4694 538 4798 Equidem
564 4697 614 4773 ad
639 4701 960 4805 perscrutandam
986 4687 1147 4792 a'urem,
1161 4699 1258 4776 duos
1282 4698 1503 4779 Crocodilos
1526 4698 1703 4776 nondum
1719 4698 1849 4774 adnl-

249 4840 305 4898 tos
329 4823 507 4918 dissecui,
544 4858 671 4908 unum
705 4834 752 4907 Χ.
789 4852 828 4908 et
865 4818 1104 4925 dimidium,
1138 4834 1307 4909 alterum
1339 4836 1404 4910 IX.
1438 4830 1595 4939 pollices
1622 4832 1852 4907 Parisiences
1904 4898 1907 4903 .

1426 4984 1445 5023 ἃ
