4298 5340
861 307 1038 403 *45
1096 369 1156 387 ..-

214 579 280 656 hic
305 579 346 654 in
374 577 509 654 eodem
534 581 651 686 plano
676 579 799 686 posita
814 579 881 656 sit.
917 579 977 655 Ah
999 579 1192 682 anteriori
1219 601 1328 686 parte
1352 601 1534 690 apertura
1561 586 1732 664 rotunda
1758 585 1809 684 ⁵4)

214 712 397 817 operculo
435 737 535 787 osseo
572 714 722 800 clausa,
755 731 1007 818 separataque
1031 740 1054 786 a
1078 715 1280 817 posteriori
1305 714 1354 810 ⁵⁵)
1392 717 1530 792 maiori
1551 732 1674 820 'quam
1712 722 1803 812 illa,-
1931 710 1933 714 Α

214 845 331 918 etiam
357 843 523 919 rotunda
549 863 588 919 et
611 845 836 921 membrana
870 844 1046 949 tympani
1079 845 1304 922 secundaria
1329 849 1528 940 obturata,
1565 852 1677 926 solito
1701 877 1808 927 more

88 1072 91 1077 Ι
213 996 372 1080 angusta
398 977 511 1052 crista
537 1003 637 1053 ossea
664 987 725 1062 56]-
776 980 877 1054 Tum
896 995 1133 1080 tegmentum
1158 1003 1304 1055 osseum
1329 1007 1445 1084 supra
1471 1000 1680 1085 utramque
1705 982 1808 1058 lene·

212 1129 330 1186 stram
354 1110 518 1197 ahstuli,
541 1137 621 1214 quo
646 1110 747 1187 facto
772 1127 939 1214 utraque
964 1110 1103 1186 cavitas
1127 1137 1218 1187 cum
1241 1110 1417 1216 partibus
1443 1112 1600 1188 inclusis
1616 1115 1747 1193 statim
1764 1114 1808 1191 in

205 1260 460 1347 conspectum
483 1241 599 1318 venit.
649 1244 881 1319 Antrorsum
906 1241 1034 1320 aditus
1058 1241 1109 1318 ad
1133 1270 1268 1319 cavum
1292 1243 1473 1319 vestibuli
1499 1271 1588 1320 cum
1614 1272 1721 1320 sacco
1748 1274 1808 1323 ca-

213 1374 444 1477 nalibusque
468 1373 836 1471 semicircularihus3
863 1393 949 1452 turn
973 1375 1087 1452 crista
1113 1400 1230 1466 ossea,
1257 1401 1358 1478 quae
1384 1396 1638 1482 apparuerat,
1665 1377 1708 1452 in
1726 1404 1808 1483 aep-

213 1523 298 1579 tum
323 1531 472 1582 osseum
496 1503 547 1600 ⁵7)
583 1506 827 1600 continuata,
862 1507 970 1612 quod
1007 1533 1131 1611 usque
1163 1505 1213 1581 ad
1237 1507 1425 1612 parietem
1458 1509 1582 1584 cranii
1609 1509 1807 1614 procedit,
1847 1533 1849 1538 ’

49 1648 54 1658 “
129 1711 133 1716 .
211 1637 460 1741 posteriorem
474 1636 666 1731 vestibuli,
692 1639 927 1716 anteriorem
938 1639 1115 1715 cochleae
1132 1640 1319 1744 parietem
1333 1632 1521 1716 formans
1535 1642 1683 1719 Caritas
1698 1644 1810 1721 coch-

133 1862 137 1871 .
210 1769 322 1845 learis
346 1767 424 1864 (vix
448 1770 591 1847 canalis
617 1771 866 1863 nominanda,
891 1800 1016 1876 quum
1029 1769 1238 1848 diametrus
1257 1791 1465 1849 transversa
1483 1773 1810 1876 longitudinalem

214 1909 320 1986 [cum
356 1927 426 1977 axe
450 1902 586 2007 capitis
609 1904 850 2009 parallelam]
873 1903 938 1980 vix
961 1902 1112 2007 aliquid
1128 1903 1399 2007 magnitudine
1422 1905 1610 2011 superet)
1634 1927 1808 2010 quatuor

208 2037 372 2141 parietes
397 2035 533 2128 habet,
557 2035 794 2145 anteriorem
819 2060 843 2112 a·
868 2056 974 2143 septo
1002 2037 1115 2113 modo
1142 2037 1363 2128 nominato,
1398 2054 1601 2112 externum
1635 2028 1657 2114 a
1691 2065 1809 2117 mem-

59 2148 64 2155 *
100 2246 105 2253 ,
208 2167 332 2251 brana
357 2170 534 2276 tympani
558 2168 784 2246 secundaria
808 2173 1040 2261 formatum,
1067 2169 1317 2276 posteriorem
1348 2187 1389 2246 et
1413 2168 1615 2246 internum
1622 2203 1633 2265 ;
1659 2169 1809 2248 eadem·
1848 2270 1852 2277 Ι

210 2327 287 2404 que
311 2321 481 2405 quatuor
505 2301 763 2379 foraminibus
788 2303 970 2406 insignita
995 2320 1073 2393 est,
1111 2328 1283 2406 quorum
1320 2320 1451 2378 tamen
1489 2298 1567 2376 duo
1599 2303 1727 2380 solnm
1758 2303 1810 2379 ad

211 2434 573 2541 lpsamypertiuent,
601 2436 752 2540 reliqua
777 2436 968 2512 foramina
993 2452 1086 2512 sunt
1110 2462 1182 2541 pro
1217 2433 1384 2510 introitu
1409 2434 1593 2537 exituque
1617 2435 1726 2510 nervi
1752 2434 1808 2511 fa·

176 2553 179 2560 ¹
213 2567 332 2657 cialis,
361 2567 434 2656 ‚hic
469 2595 514 2642 ex
547 2550 685 2672 aliqua
716 2587 827 2674 parte
851 2597 942 2645 cum
966 2595 1012 2645 eo
1037 2594 1198 2672 organo,
1233 2564 1342 2670 quod
1368 2564 1563 2640 cochleam
1587 2564 1729 2657 haheo,
1762 2568 1807 2646 in

209 2724 289 2774 una
315 2699 476 2775 cavitate
502 2700 653 2776 reclusi.
701 2703 778 2777 Per
803 2699 978 2776 foramen
1013 2728 1199 2802 magnum
1229 2696 1310 2774 fere
1335 2693 1551 2774 rotundum
1586 2696 1629 2772 in
1662 2700 1805 2803 angulo

164 2804 171 2817 ⁵
207 2824 392 2908 anteriori
430 2833 589 2937 parietis
623 2832 769 2916 interni
804 2831 870 2907 hie
913 2855 1054 2908 nervus
1079 2832 1128 2929 ⁵³)
1164 2833 1313 2909 intrans
1353 2830 1397 2921 in
1434 2829 1630 2906 cochleam
1663 2854 1805 2906 osseam

207 2961 274 3040 dat
298 2992 452 3040 ramum
477 2965 666 3071 pusillum
684 2962 761 3060 ¹⁵9),
795 2991 869 3072 per
900 2967 1074 3042 canalem
1099 2963 1410 3070 angustissimum
1442 2987 1590 3038 osseum
1622 2961 1666 3036 in
1698 2971 1804 3067 septo

78 3139 83 3145 ·
195 3072 277 3203 per
300 3127 467 3204 parvum
490 3099 660 3204 spatium
684 3098 974 3191 decurrentem,
1002 3119 1088 3175 tum
1113 3118 1160 3174 ex
1183 3095 1376 3175 foramine
1403 3119 1531 3171 versus
1555 3093 1803 3170 antivestibu·

205 3231 291 3306 lum
316 3229 609 3336 provenientem
633 3246 815 3336 retroque
839 3231 985 3309 flexum
1010 3231 1064 3308 ita
1089 3229 1140 3308 ad
1166 3228 1432 3305 membranam
1464 3227 1641 3333 tympani
1667 3251 1803 3302 seeun-

121 3364 130 3377 '
206 3360 354 3438 dariam
379 3362 675 3455 adhaerentem,
712 3385 759 3442 ut
792 3365 842 3441 ah
880 3391 924 3442 co
958 3364 1002 3441 in
1041 3362 1136 3440 duas
1160 3381 1287 3469 partes
1312 3358 1492 3436 dimidias
1522 3346 1825 3462 aequalesque‚'

98 3559 101 3562 -
208 3499 446 3604 superiorem
470 3519 509 3574 et
524 3499 756 3592 inferiorem,
782 3497 995 3595 dividatur3
1022 3493 1282 3599 denique-hic
1306 3520 1436 3568 ramus
1460 3518 1531 3597 per
1554 3482 1729 3596 parvum
1744 3489 1801 3566 fo·

207 3646 341 3708 ramen
367 3633 411 3707 in
436 3633 582 3739 pariete
616 3631 819 3738 posteriori
850 3631 1112 3707 antivestibuli
1147 3627 1242 3738 exit,
1278 3625 1447 3730 licetque
1479 3625 1561 3701 eius
1594 3621 1801 3699 decursum
1919 3648 1926 3663 ·

206 3764 436 3842 ulteriorem
458 3764 623 3845 ulterius
647 3762 831 3873 prosequi
855 3789 937 3848 non
961 3761 1176 3873 potuerim,
1203 3777 1333 3844 tamen
1348 3785 1394 3845 ex
1410 3759 1497 3848 illis,
1522 3783 1622 3864 quae
1640 3748 1801 3868 iamin-

203 3977 503 3999 ..t—n·-

175 4115 179 4119 ’
250 4114 685 4201 54JTab.111.Fig.1.a.

195 4262 198 4266 ’
248 4248 717 4336 55)Tab.111.Fig.1.b.-

155 4421 160 4433 ι
230 4380 306 4461 ’56)
328 4381 410 4445 Tab.
433 4382 492 4445 111.
513 4381 584 4467 Fig.
611 4403 638 4445 1.
659 4381 694 4445 d.
768 4410 770 4415 ·

245 4492 304 4596 ἦ)
324 4513 404 4576 Tab.
428 4514 486 4583 lll.
506 4513 577 4597 Fig.
600 4509 639 4583 α’.
659 4536 692 4596 g,

246 4644 305 4723 58)
325 4647 407 4718 Tab.
432 4647 489 4712 ΙΙΙ.
510 4648 579 4731 Fig.
600 4639 637 4714 α’.
656 4668 742 4718 e-e,

246 4775 303 4863 59)
323 4779 403 4844 Tab.
427 4780 487 4846 lll.
509 4780 578 4866 Fig.
600 4773 685 4864 ²⁹⁰2:
