4298 5340
841 332 901 347 -
955 273 1020 389 49
1071 312 1137 368 ·-÷

197 540 249 620 do
276 541 402 645 tangit
438 533 567 618 statim
604 539 655 616 ad
692 565 776 616 aves
813 539 1014 616 traneiens.
1065 539 1141 614 llic
1163 539 1389 634 materiam,
1430 570 1476 620 ex
1508 543 1590 620 eius
1615 545 1800 652 opinione
1847 574 1851 585 ‘

199 674 385 764 calecam,
412 675 587 777 lagenam
614 675 872 778 complentem
898 673 1125 778 lapillorum
1154 673 1414 751 cochlearium
1448 679 1533 752 loco
1559 703 1633 751 esse
1665 678 1796 781 opina·

199 827 287 899 tur,
321 825 425 887 certe
457 801 639 883 mirum
629 837 683 884 ιιι
697 806 857 884 modum
884 807 1094 897 mutatam,
1126 826 1173 883 ut
1197 832 1284 880 vere
1310 807 1438 884 dicere
1464 807 1598 897 liceat,
1625 780 1795 912 lapillos,

114 959 115 963 ’
196 967 276 1045 quo
303 939 475 1025 firmiora
507 966 587 1015 ossa
614 940 733 1030 fiant,
760 966 804 1015 eo
824 939 949 1042 magis
977 938 1246 1063 deliquescere
1295 942 1383 1015 Non
1408 967 1563 1046 possum
1589 941 1793 1046 equidem,

198 1073 300 1176 quin
325 1072 492 1148 rationes
515 1097 635 1147 meas
631 1091 777 1147 contra
803 1070 906 1146 hanc
930 1072 1161 1148 sententiam
1193 1058 1456 1154 statuendas
1446 1075 1626 1179 inprimis
1651 1101 1697 1150 er
1722 1075 1796 1153 bac

200 1204 431 1313 animalium
444 1204 579 1292 classe,
602 1202 717 1279 modo
744 1204 994 1308 perlustrata,
1016 1223 1154 1309 petam.
1207 1210 1253 1281 ln
1278 1231 1322 1281 ea
1347 1207 1464 1308 enim,
1492 1207 1561 1283 ubi
1588 1208 1713 1313 prima
1729 1237 1794 1285 ru-

200 1335 374 1412 dimenta
402 1337 488 1421 talis
513 1336 709 1428 cochleae,
746 1337 903 1440 qualem
935 1335 1074 1411 altiora
1107 1337 1292 1413 animalia
1320 1337 1489 1428 habent,
1526 1340 1722 1416 ohservare
1749 1342 1796 1416 li-

93 1546 95 1551 .
203 1484 284 1562 eet,
331 1469 364 1545 si
397 1469 466 1545 illa
496 1468 687 1544 sententia
720 1495 827 1558 vera,
867 1469 1090 1545 inveniatur
1124 1496 1271 1546 necesse
1302 1490 1372 1562 est,
1408 1470 1476 1547 bas
1519 1473 1616 1577 ipsas
1649 1473 1795 1578 primas
1883 1487 1887 1496 ‘

158 1609 160 1614 ’
200 1601 379 1680 cochleae
415 1602 537 1677 lineas
579 1602 690 1706 quasi
715 1603 911 1678 efformari
940 1630 986 1677 ex
1022 1603 1090 1679 illo
1128 1602 1354 1709 lapillorum
1378 1631 1493 1678 sacco.
1545 1603 1661 1702 Quod
1687 1632 1801 1710 pror·¹
1873 1686 1875 1692 ,
1975 1650 1977 1654 -

198 1761 261 1815 sus
284 1735 399 1813 aliter
422 1761 460 1813 se
484 1733 646 1827 habere,
680 1733 759 1812 iam
790 1733 976 1832 vidimus,
1031 1736 1093 1814 vix
1133 1753 1229 1842 opus
1261 1756 1315 1813 est
1348 1739 1520 1843 exempla
1552 1739 1702 1842 singula
1728 1737 1794 1815 ad:
1824 1788 1826 1799 =

181 1846 343 1944 v‘ducere
352 1902 364 1964 3
408 1893 500 1943 nam
532 1865 666 1943 omnia
697 1849 899 1964 animalia,
938 1870 981 1975 in
1013 1869 1158 1975 quibus
1189 1869 1386 1946 cochleam
1420 1870 1656 1973 invenimus,
1700 1873 1793 1948 item

188 1988 282 2077 ‘uno
320 2001 547 2108 pluribusve
592 1999 737 2105 lapillis
783 2001 827 2076 in
866 2026 1013 2078 recessu
1055 2001 1153 2077 sacci
1191 2001 1433 2078 vestibularis
1460 2002 1647 2078 instructa
1684 2023 1790 2079 sunt:

199 2130 423 2211 Crocodilus
450 2153 524 2210 tres
550 2133 702 2240 lapillos
727 2154 880 2240 praeter
905 2132 1100 2208 cochleam
1125 2133 1260 2224 habet,·
1293 2134 1451 2238 ipsaque
1476 2134 1660 2226 Testudo‚
1693 2161 1793 2238 quae

201 2281 353 2342 saccum
388 2267 653 2374 lapillorum„
671 2245 944 2372 plurimuma
968 2255 1407 2347 vestibularisecretum
1432 2268 1602 2374 piscihus
1635 2268 1794 2345 similio-

46 2412 49 2416 '
150 2432 152 2437 ·
202 2423 286 2474 rem
310 2398 447 2489 habet,
472 2401 535 2495 ¹ita
570 2420 616 2476 ut
640 2402 841 2504 hucusque
867 2396 987 2504 quam
1012 2401 1175 2474 maxime
1199 2429 1272 2507 pro
1297 2400 1486 2478 sententia
1512 2399 1670 2476 illorum
1695 2401 1795 2476 viro·

204 2556 296 2609 rum
319 2533 490 2627 steterit,
516 2536 595 2609 iam
620 2533 904 2640 aliud'accepit
929 2560 1102 2637 organon
1129 2560 1175 2607 ex
1207 2534 1285 2609 situ
1331 2549 1605 2637 structuraque
1642 2521 1796 2610 meliori

207 2662 294 2739 iure
320 2693 394 2772 pro
419 2667 574 2744 cochlea
592 2666 835 2748 babendum.
886 2668 991 2741 Num
1040 2665 1139 2743 forte
1173 2665 1273 2743 duae
1305 2667 1481 2743 cochleae
1510 2664 1613 2743 bisce
1649 2666 1796 2742 anima-

143 2808 145 2812 ”
202 2795 307 2881 libus
333 2799 458 2877 tribui
483 2804 667 2908 possunt?
717 2799 824 2876 Illud
859 2795 989 2875 adbuc
1023 2825 1225 2886 moneam,
1258 2816 1378 2904 quam
1401 2828 1542 2906 parum
1569 2796 1798 2890 conveniat,

203 2928 502 3012 similitudinem
520 2937 735 3031 cochleae,
771 2934 906 3038 organi
932 2950 972 3009 et
995 2932 1131 3042 primis
1163 2932 1286 3009 initiis
1322 2944 1361 3008 et
1394 2918 1544 3008 summa
1577 2932 1798 3026 evolutione

202 3068 369 3144 maxima
404 3093 463 3142 ‚ex
489 3089 598 3174 parte
632 3067 955 3158 membranosi,
943 3095 987 3144 m
1020 3053 1126 3142 sacco
1165 3092 1370 3171 quaerere,
1409 3063 1478 3139 ubi
1514 3065 1686 3141 numeris
1721 3065 1798 3186 suis

197 3199 503 3303 absolutissimus
536 3221 715 3309 apparet,
762 3201 871 3277 duris
904 3200 1040 3276 calceis
1081 3201 1224 3306 lapillis
1257 3199 1424 3293 refert03
1478 3198 1553 3273 nisi
1588 3197 1676 3301 quis
1710 3225 1801 3273 cum
1913 3191 1915 3197 ’

205 3332 462 3409 Huschkio
487 3331 537 3429 65)
571 3336 836 3424 affirmaverit,
871 3353 1100 3411 contentum
1126 3333 1374 3409 evolutionis
1371 3357 1580 3437 progressu
1604 3331 1647 3406 in
1677 3331 1800 3407 conti-

205 3489 301 3540 nens
316 3437 603 3557 transformari.
664 3468 765 3543 Mihi
780 3467 951 3572 quidem
977 3468 1043 3544 hic
1067 3467 1191 3543 omnis
1224 3492 1440 3571 progressus
1466 3484 1629 3541 naturae
1654 3492 1799 3541 accom-

145 3674 151 3686 ,
205 3597 438 3675 modatior
427 3618 481 3674 lta
505 3600 732 3677 statuendus
758 3627 833 3676 esse
860 3594 1030 3677 videtur:
1056 3625 1184 3675 saccus
1208 3598 1423 3675 vestibuli
1413 3627 1455 3674 m
1480 3597 1600 3704 Sepiis
1626 3595 1799 3712 Cancris-
1872 3608 1874 3610 ’

193 3723 283 3855 ¹ape
307 3731 482 3836 primum
506 3751 562 3808 est
587 3736 711 3813 omnis
736 3734 952 3841 labyrinthi
978 3732 1304 3828 fundamentum,
1327 3708 1372 3808 in
1398 3731 1519 3838 Sepiis
1542 3731 1621 3823 iam
1646 3757 1798 3807 concre-

204 3881 385 3967 mentum
411 3863 549 3943 durius
574 3892 731 3969 gerens,
776 3867 963 3944 dilatatur
999 3885 1038 3941 et
1066 3865 1331 3973 ,amplificatur
1352 3862 1404 3953 ὴ
1422 3859 1591 3969 piscibus
1617 3863 1661 3938 in
1686 3889 1799 3940 cana-
1897 3892 1899 3898 ·

204 3993 259 4071 les
282 3998 582 4076 semicirculares
590 4033 600 4095 3
647 4001 900 4104 coniungitur
927 4001 970 4075 in
996 3998 1194 4074 nudorum
1218 3994 1509 4102 amphibiorum
1533 3987 1801 4104 superioribus

205 4125 411 4206 ordinibus
435 4160 526 4209 cum
550 4121 729 4242 partibus
754 4152 862 4209 extus
886 4132 1198 4225 advenientibus,
1236 4157 1329 4207 cavo
1365 4129 1669 4235 membranaque
1695 4148 1801 4235 tym-

205 4256 320 4363 pani,
363 4262 521 4338 tandem
555 4265 599 4342 in
631 4267 840 4373 squamatis
865 4264 1075 4371 amphibiis
1111 4265 1222 4341 tertia
1256 4262 1431 4369 primum
1457 4290 1545 4370 pars
1586 4260 1801 4370 labyrinthi
1867 4320 1881 4327 .-

123 4430 126 4431 ἢ
204 4389 360 4468 cochlea
394 4403 577 4502 apparet,
612 4427 714 4506 quae
752 4428 843 4478 cum
869 4398 1105 4484 vestibulum
1129 4398 1359 4503 canalesque
1383 4397 1590 4475 circulares
1609 4383 1696 4474 ¹lere
1721 4423 1803 4477 nen

204 4733 688 4837 :mmmmm
