4298 5340
938 252 1358 415 ..21)..¹

276 590 377 669 lium
400 591 761 684 semicircularium,
785 611 905 696 atque
915 590 1069 676 coritas,
1092 616 1268 693 organon
1287 589 1491 697 hucusque
1509 591 1739 695 neglectum,
1768 589 1893 694 qnod

275 723 476 799 cochleam
510 750 588 800 esse
630 724 926 810 demonstrabo,
965 723 1195 814 continens,
1235 722 1288 798 ad
1328 752 1371 800 os
1416 725 1619 830 occipitnle
1660 741 1877 798 murnum

273 856 381 933 llaec
413 855 495 935 duo
528 885 609 934 occa
640 859 852 934 maximam
886 875 1040 962 partem
1069 879 1231 958 quoque
1262 855 1491 933 interiorem
1523 873 1759 933 construunt
1792 857 1877 931 cari

277 987 456 1092 tympani
476 989 708 1080 sectionem,
738 966 1059 1065 antirestibnlum
1081 984 1256 1088 Bojani
1278 1015 1371 1063 cum
1396 988 1467 1064 illo
1488 1007 1598 1093 septo
1622 1015 1745 1073 omeo,
1761 988 1873 1095 quod

277 1116 486 1196 intercedit
514 1121 620 1197 inter
642 1140 853 1225 utramque
876 1140 1030 1226 partem
1051 1118 1225 1195 mutatis
1256 1120 1434 1224 tympani
1468 1138 1511 1195 et
1544 1120 1597 1194 ab
1624 1098 1792 1222 angusto
1812 1147 1875 1195 ca·

275 1251 378 1341 nali,
414 1254 596 1328 transitui
630 1256 860 1330 columellae
884 1253 1093 1342 destinato,
1124 1251 1360 1356 perforatur.
1419 1253 1474 1327 0⁸
1495 1251 1752 1328 mntoidenm
1774 1281 1880 1357 mag-

276 1410 370 1456 nam
394 1383 539 1460 format
561 1386 782 1474 cavitatem,
806 1404 856 1461 ut
877 1386 1042 1460 cellulae
1063 1384 1109 1458 in
1128 1381 1342 1474 Crocodilo,
1367 1409 1461 1459 cum
1476 1385 1753 1460 antireuibnlo
1775 1411 1879 1458 com-

279 1515 556 1590 munitantem.
617 1518 671 1592 Os
705 1517 878 1621 denique
912 1517 1200 1622 tympanum,
1243 1515 1513 1590 membranam
1543 1517 1720 1621 tympani
1750 1517 1879 1627 solnm

217 1743 236 1767 Ι
267 1646 481 1752 excipiens,
506 1649 634 1725 solum
657 1676 818 1753 quoqne
840 1649 1077 1724 anteriorem
1100 1647 1184 1723 cavi
1204 1647 1379 1751 tympani
1394 1646 1603 1725 maionem
1621 1648 1752 1722 efficit.
1784 1644 1877 1725 oba

279 1778 415 1883 organi
440 1777 600 1854 auditus
631 1781 765 1855 affinia
788 1778 924 1856 eadem
952 1799 1120 1868 restant,
1152 1805 1255 1883 quae
1284 1778 1558 1855 in‘Crocodilo
1581 1780 1764 1870 fuerunt,
1798 1805 1878 1856 oasa

280 1908 501 2010 parietalia,
527 1908 747 2016 occipitalia
770 1911 966 2002 lateralia,
989 1910 1239 2017 pterygoidca
1261 1937 1335 1988 nec
1358 1940 1442 1989 non
1462 1909 1778 2016 sphoenoidcum

872 2090 924 2186 C.
979 2092 1043 2195 In
1070 2094 1294 2190 Lacertis.

381 2298 429 2369 In
454 2292 532 2370 illis
555 2322 717 2399 qnoque
739 2323 800 2372 res
822 2296 989 2371 maxime
1019 2323 1112 2371 cum
1140 2323 1187 2389 ea
1219 2297 1371 2373 ratione
1403 2314 1640 2382 consonant,
1674 2325 1797 2400 qnam
1833 2300 1876 2374 in

280 2422 485 2500 Crocodilo
511 2427 732 2503 invenimus
742 2427 812 2525 65);
849 2428 1116 2534 labyrinthus
1138 2428 1408 2524 (vestibulum,
1445 2433 1597 2508 canales
1617 2432 1880 2508 semicircula-

282 2582 340 2631 rcs
363 2576 403 2633 et
426 2556 599 2649 cochlea)
624 2560 772 2664 partim
795 2561 841 2634 in
863 2585 942 2636 osse
964 2580 1128 2666 petrum,
1153 2591 1227 2668 pro
1250 2563 1379 2669 capite
1399 2565 1527 2641 multo
1545 2565 1817 2668 maioriqnam
1837 2566 1897 2640 in-

278 2689 603 2793 yuaeoedentibns
626 2691 833 2768 ordinibus
855 2695 995 2785 suerat,
1022 2697 1229 2800 partimin
1253 2695 1448 2802 occipitali
1463 2696 1615 2773 laterali
1636 2700 1880 2790 continetur,-

281 2844 320 2900 et
352 2825 406 2899 ita
441 2824 625 2928 quidm,
668 2845 716 2901 nt
753 2854 896 2932 parvus
925 2829 1071 2903 canalis
1101 2827 1311 2906 cochlearis
1341 2856 1433 2904 cum
1466 2829 1657 2904 loramine
1690 2828 1881 2920 rotundo,
1985 2890 1992 2899 .

281 2961 394 3037 cuius
423 2990 552 3065 quum
583 2965 628 3040 in
664 2966 862 3042 anatomia
898 2980 1120 3070 comparata
1146 2964 1224 3039 iam
1248 2961 1488 3038 mentionem
1511 2961 1658 3039 fecisset
1679 2962 1880 3052 Cnvier‚

281 3097 401 3170 situm
433 3096 511 3171 ll.
536 3095 696 3173 demum
719 3099 938 3175 accuratius
968 3095 1174 3181 indicavit,
1205 3097 1257 3170 ab
1289 3121 1368 3171 osse
1401 3094 1597 3199 occipituli
1626 3096 1777 3170 laterali
1801 3098 1882 3170 solo

281 3224 474 3303 formetur
481 3262 497 3321 ,-
537 3231 707 3307 fenestra
739 3248 873 3307 antem
903 3229 1022 3307 oralia
1056 3230 1108 3305 ab
1138 3248 1319 3333 utroque.
1389 3227 1605 3304 Trabecula
1644 3255 1747 3305 ossea
1778 3229 1883 3305 inter

406 3527 514 3593 naret,
534 3517 690 3600 situmque
709 3521 775 3581 eins
794 3520 911 3602 optime
927 3518 1131 3597 damet,
1151 3540 1193 3580 ne
1216 3515 1347 3601 verbnm
1372 3514 1500 3598 quidem
1520 3515 1560 3576 de
1582 3537 1620 3577 ea
1641 3516 1771 3593 civitate
1795 3517 1885 3592 lecit,

406 3633 448 3693 ad
476 3655 570 3717 qaum
588 3635 689 3696 addus
704 3656 762 3718 per
775 3635 861 3696 illam
882 3647 990 3718 patet·
1018 3634 1058 3695 In'
1077 3638 1230 3695 anatomia
1244 3645 1419 3716 comparata
1435 3633 1600 3693 senesuam
1616 3633 1782 3693 rotundam
1803 3654 1883 3692 non·

406 3749 484 3810 dnm
503 3736 605 3811 novit.
645 3753 850 3832 Bojanus,
871 3751 1024 3835 Scarpa
1043 3763 1075 3812 et
1089 3751 1192 3812 Pobl
1211 3763 1376 3833 utramque
1394 3753 1550 3834 ignorant.
1572 3750 1621 3824 td,
1643 3750 1884 3832 qnodBlain·

405 3865 508 3929 vute
537 3867 711 3929 »nuum
727 3868 768 3929 de
786 3869 938 3950 tum.
968 3870 1126 3944 maun,
1166 3868 1247 3949 uua
1266 3867 1352 3929 anuo
1377 3879 1435 3940 ea,
1455 3887 1552 3948 qum
1571 3867 1785 3948 mataps„
1804 3850 1905 3928 ,ω’

407 3975 844 4063 vcstibnlaris,'resttictiouc
868 4007 889 4046 a
910 3987 1069 4069 superiore
1088 3987 1220 4064 divisas
1236 4005 1332 4068 quum
1353 3985 1469 4067 optime
1486 3985 1667 4065 bojanus
1687 3982 1887 4066 quoque-de-

410 4101 529 4183 pinxit3
561 4122 635 4161 nam
655 4105 683 4163 si
706 4100 786 4163 illud
814 4123 979 4185 organon,
1013 4103 1099 4187 qnod
1123 4124 1180 4187 ego
1203 4100 1360 4169 cochleam
1384 4123 1450 4163 esse
1467 4112 1568 4183 puto,
1597 4099 1740 4179 vidisset,
1760 4100 1887 4165 minime

407 4214 639 4300 labyrinthum,
669 4239 776 4280 vasus
798 4240 911 4280 mrum
928 4186 1097 4301 tympani,¹
1119 4190 1215 4278 unain
1238 4214 1431 4278 solummodo
1454 4210 1630 4298 ipertnram
1663 4214 1778 4275 babere
1800 4212 1886 4274 affir-

410 4344 518 4394 maret.
585 4306 665 4396 Eam
692 4334 941 4415 Blainvillii,
975 4338 1070 4418 ipsius
1100 4335 1276 4396 Cuvieri
1304 4333 1497 4416 aliorumque
1515 4333 1555 4393 de
1575 4331 1739 4397 testudinis
1762 4327 1886 4391 melden
1925 4358 1932 4368 ¹

407 4449 568 4532 hucusque
588 4449 713 4529 habita,
742 4453 924 4512 sententiam
950 4451 1058 4512 salsam
1080 4471 1146 4512 esse
1176 4451 1257 4513 insra
1280 4449 1524 4543 dmonsuabp.
1551 4451 1643 4547 Quae
1660 4450 1700 4511 de
1727 4447 1886 4511 testudinis

416 4566 542 4629 cochlea
567 4568 706 4652 profem
722 4570 755 4630 in
775 4572 877 4631 animo
895 4581 961 4652 est,
994 4569 1235 4657 silut-cntionem:
1250 4567 1399 4629 senonas
1420 4567 1571 4631 rotundae
1592 4565 1726 4657 excipis,
1744 4584 1886 4655 ¹pulsatu

405 4703 488 4745 nova
513 4695 595 4747 srmt.
1008 4686 1037 4699 ’“

325 4797 380 4883 os)
399 4798 558 4890 cavie:
574 4800 789 4915 Occasu·
810 4801 955 4913 QX·
978 4802 1099 4913 pits.
1123 4766 1270 4903 pt'xyt
1374 4768 1406 4781 ’“

1401 4857 1649 4901 ιι”ι“·]ὶῖι·
1719 4882 1724 4889 ·
