4298 5340
1021 287 1348 403 -28-.

377 551 515 631 sterius
549 551 693 628 canalis
727 548 987 627 horizontalis.
1038 546 1079 645 5)
1110 549 1294 652 Denique
1326 550 1568 626 horizontalis
1592 549 1646 642 92)
1678 576 1745 625 seu
1775 567 1973 638 exterrito,

378 683 488 760 cuius
513 709 648 763 arcum
673 708 871 757 summum
895 707 1013 785 supra
1038 678 1161 785 ipsam
1193 681 1400 756 fenestram
1419 683 1577 758 ‚ovalem
1610 683 1896 787 prominentem
1922 684 1976 760 vi-

378 813 529 905 demus,
555 813 797 891 brevissimus
820 831 877 888 est
899 810 1143 914 maximeque
1171 811 1304 889 flexus·
1969 811 1972 814 ’

475 949 536 1022 De
556 945 732 1048 partibus
756 942 928 1021 mollibus
952 945 996 1019 in
1023 945 1132 1020 osseis
1163 944 1278 1020 modo
1304 945 1503 1053 descriptis
1528 945 1686 1021 inclusis
1710 973 1833 1052 pauca
1859 966 1973 1036 sunt,

375 1106 476 1185 quae
501 1078 760 1166 adnotentur3
786 1078 947 1156 omnino
969 1077 1116 1153 formae
1143 1077 1302 1169 illarum
1327 1105 1427 1155 osseo
1440 1078 1676 1168 vestimento,
1703 1098 1750 1153 ut
1764 1077 1837 1152 boc
1856 1078 1971 1154 verbo

375 1233 480 1304 utar,
517 1211 762 1318 respondent.
811 1213 947 1288 Saccus
973 1209 1047 1285 tria
1074 1211 1249 1287 continet
1273 1238 1435 1315 corpora
1461 1204 1699 1300 mollissima,
1735 1212 1776 1286 in
1802 1210 1973 1286 crocodi-

375 1346 423 1423 lis
439 1344 625 1429 ,nondum
650 1342 793 1419 adultis
816 1371 839 1418 a
864 1369 927 1418 me
951 1341 1118 1419 dissectis
1147 1341 1211 1416 vix
1241 1342 1388 1447 lapides
1421 1342 1680 1431 nominanda,
1716 1370 1842 1445 quum
1874 1330 1972 1417 mol·

376 1478 473 1554 liora
498 1505 618 1581 quam
643 1475 686 1551 in
711 1474 959 1552 Salamandra
993 1493 1032 1552 et
1063 1474 1289 1551 semilucida
1317 1493 1571 1580 apparerent,
1622 1475 1781 1550 Canales
1804 1474 1973 1549 semicir-

375 1609 523 1684 culares
547 1605 858 1695 membranacei,
893 1632 939 1681 ex
971 1606 1081 1682 oseis
1116 1607 1381 1700 provenientes
1407 1633 1537 1682 omnes
1562 1607 1604 1683 in
1629 1607 1818 1711 ampullas
1842 1624 1972 1682 exten·

374 1740 543 1832 duntur,
575 1765 676 1845 quae
711 1736 762 1813 ad
795 1766 916 1815 unam
948 1765 1080 1815 omnes
1113 1737 1156 1814 in
1182 1740 1380 1814 communi
1407 1740 1569 1817 cavitate
1600 1768 1690 1815 cum
1714 1765 1822 1815 sacco
1848 1740 1972 1814 reclu-

373 1898 434 1949 sae
457 1890 560 1948 sunt.
624 1872 689 1968 'De
714 1867 972 1948 diramatione
1002 1897 1211 1948 nervorum
1242 1872 1288 1951 in
1317 1898 1426 1948 sacco
1466 1873 1728 1981 ampullisque
1761 1898 1894 1979 supra·
1912 1869 1970 1945 di-

371 2021 478 2081 clllm
503 2020 568 2081 est·

931 2135 983 2237 Β.
1043 2137 1105 2231 In
1138 2136 1397 2233 Testudtite.

472 2337 722 2415 Vestibulum
747 2356 785 2414 et
806 2337 957 2413 canales
980 2339 1283 2416 semicirculares
1304 2368 1329 2415 a
1355 2335 1607 2448 Scarpaei),
1636 2335 1876 2447 praeclarius
1899 2363 1970 2412 au·

373 2490 451 2547 tem
476 2499 497 2546 a
524 2467 708 2570 Bojano
734 2463 784 2564 94)
810 2469 999 2575 descripta
1025 2489 1143 2574 atque
1170 2471 1362 2549 delineata
1394 2493 1496 2548 sunt.
1554 2472 1726 2549 Omnino
1752 2459 1970 2545 eademin·
2003 2479 2007 2482 ’

342 2596 480 2695 seni,
515 2629 615 2706 quac
641 2603 698 2677 illi
728 2601 800 2677 viri
827 2601 1074 2698 describunt3
1110 2605 1152 2680 in
1179 2605 1413 2681 illustranda
1439 2604 1594 2680 cochlea
1622 2600 1849 2688 testudinis,
1875 2625 1969 2674 con-

370 2736 611 2811 iunctionem
637 2735 741 2810 inter
761 2737 958 2811 sacculum
982 2735 1163 2812 vestibuli
1188 2758 1226 2813 et
1251 2766 1403 2814 saccum
1428 2737 1623 2824 cochleae,
1664 2762 1785 2839 quam
1817 2733 1972 2838 primus

254 2928 260 2935 .
368 2868 520 2960 inveni,
547 2886 586 2944 et
610 2862 848 2944 accuratiora
873 2865 1066 2970 quaedam
1091 2867 1139 2944 de
1163 2869 1438 2947 distributione
1464 2864 1903 2972 nervorumxproferam.

704 3047 753 3142 C.
813 3051 875 3142 Iu
904 3047 1117 3146 Lacertis
1147 3070 1192 3146 et
1240 3056 1299 3145 D.
1329 3052 1392 3143 In
1424 3046 1655 3184 Ophidz‘is.

416 3290 424 3303 ·
468 3251 624 3352 Ubique
649 3276 732 3326 rem
757 3252 810 3327 ita
838 3251 991 3343 inveni,
1027 3253 1185 3356 qualem
1209 3254 1390 3357 Scarpa
1418 3251 1628 3355 descripsit.
1678 3249 1790 3354 Lapis
1816 3248 1856 3322 in
1884 3274 1970 3324 sac-

366 3412 411 3465 co
433 3383 615 3463 vestibuli
642 3370 811 3460 reclusus
844 3385 887 3461 in
919 3385 981 3461 his
1006 3383 1243 3461 animalibus
1275 3383 1413 3460 durior
1438 3403 1515 3479 est,
1550 3358 1677 3487 quam
1706 3376 1760 3457 in'
1782 3379 1988 3456 omnibus·

359 3502 451 3593 iam
470 3514 729 3605 adumbratis,
765 3535 804 3592 et
828 3517 966 3593 merito
993 3516 1068 3592 boc
1093 3517 1252 3593 nomine
1278 3513 1549 3592 nominandus.
1612 3515 1672 3588 De
1697 3511 1968 3590 communica·

367 3650 473 3727 tione
497 3647 579 3724 cavi
604 3648 785 3725 vestibuli
811 3676 902 3727 cum
926 3646 1080 3726 cochlea
1106 3649 1211 3725 infra
1236 3647 1398 3726 dicetur.

465 3859 501 3908 2.
554 3829 727 3910 Goolrlea.

738 4023 796 4111 A.
853 4019 1099 4114 Excursus
1125 4010 1182 4109 de
1208 4009 1394 4110 cochlea
1423 4017 1592 4114 avium.

462 4217 696 4322 Priusquam
730 4218 933 4324 aggredior
964 4216 1017 4295 ad
1048 4215 1328 4295 accuratiorem
1362 4217 1538 4302 cochleae
1571 4214 1863 4325 amphibiorum
1896 4212 1964 4292 do·

364 4416 671 4439 m

405 4488 464 4608 φ)
484 4523 565 4586 Tab.
585 4524 609 4584 1.
628 4524 698 4608 Fig.
718 4545 756 4611 9,
782 4543 839 4603 to,
867 4545 915 4588 ια.
939 4546 967 4591 c.
1007 4522 1145 4592 Tab.11.
1167 4522 1237 4607 Fig.
1262 4543 1289 4594 1.
1313 4534 1344 4588 et
1363 4541 1395 4586 2·

402 4640 462 4727 93)
484 4639 558 4702 Loe.
579 4638 662 4701 laud.
682 4662 751 4724 pag.
772 4661 821 4726 aq
851 4640 930 4705 Tab.
943 4641 986 4704 V.
1005 4641 1072 4725 Fig.
1098 4663 1125 4702 1.
1148 4651 1230 4703 eta.
1319 4684 1322 4689 -
1520 4629 1523 4636 ’

404 4751 464 4841 94)
484 4754 559 4820 Loc.
578 4753 663 4818 laud.
688 4757 767 4824 Tab.
779 4757 901 4827 XXVI·
923 4755 993 4843 Fig.
1011 4756 1186 4839 148-151.
1302 4794 1306 4801 =
