4298 5340
909 352 1204 443 ...33-

256 632 341 707 licie
376 661 398 707 a
434 636 595 712 materia
638 634 878 724 mollissima,
922 635 1104 738 pulposa,
1142 659 1189 709 ex
1224 636 1314 711 albo
1347 637 1570 717 rubescente
1601 641 1752 719 obtecta
1784 672 1850 747 ap-

246 767 455 871 parebat,
479 793 588 873 quae·
604 767 649 841 in
674 793 775 868 aqua
799 766 945 871 partim
969 791 1040 870 per
1062 791 1101 841 se
1126 767 1250 872 ipsam
1273 771 1580 874 abstergebatur,
1606 777 1749 877 partim
1776 804 1848 850 acu

254 898 405 972 detrahi
432 890 593 1002 pdterat
643 901 811 1001 Jamque
844 894 1063 974 illudente
1088 901 1221 976 oculos
1243 922 1348 992 erat,
1383 929 1530 993 omnes,
1556 932 1657 1008 quae
1681 934 1848 1010 apparu·
1944 1002 1949 1009 Ι

172 1123 179 1131 .
254 1050 384 1120 erant,
410 1055 540 1133 rugas,
567 1027 625 1103 nil
652 1026 762 1103 aliud
791 1055 877 1120 esse,
902 1057 1021 1134 quam
1047 1058 1172 1108 ramos
1195 1035 1360 1111 maiores
1383 1036 1477 1112 vasis
1502 1063 1620 1141 supra
1647 1037 1845 1156 descripti,

251 1190 353 1236 cuca
379 1189 476 1265 quos
515 1163 676 1237 materia
711 1160 873 1266 pulposa
899 1165 1237 1256 accumulabatur,
1273 1166 1516 1272 speciemque
1547 1171 1769 1251 crassiorem
1802 1172 1848 1245 iis

251 1296 457 1369 tribuebat
512 1297 602 1392 Quo
635 1296 755 1397 magis
788 1297 1011 1371 mollissima
1036 1297 1132 1371 baec
1157 1325 1201 1373 ae
1226 1298 1387 1405 pulposa
1412 1301 1573 1374 materia
1609 1329 1631 1374 a
1657 1303 1846 1376 membru-

252 1455 303 1502 na
339 1428 570 1516 solvebatur,
620 1453 666 1501 eo
703 1424 922 1504 distinctius
953 1430 1269 1534 conspiciebatur
1295 1449 1378 1506 rete
1409 1455 1498 1506 vere
1531 1431 1709 1507 mirabile
1743 1460 1844 1507 vaso
1902 1412 1926 1451 ’ἕ

246 1586 343 1635 rum
364 1560 425 1654 ⁴⁰)
462 1558 717 1633 multifariam
751 1586 789 1635 se
821 1558 1094 1685 dissippntium
1118 1576 1234 1665 seque
1258 1563 1400 1638 iterum
1425 1566 1654 1639 anastomosi
1680 1565 1843 1639 coniun-

251 1693 428 1796 gentium
436 1725 449 1782 ,-
488 1718 588 1792 quae
613 1692 672 1764 vel
700 1691 742 1764 in
768 1691 841 1765 bac
866 1692 946 1796 ipsa
972 1692 1107 1766 subtili
1133 1695 1376 1785 ramulorum
1401 1692 1586 1782 divisione
1610 1697 1746 1770 lumen
1772 1724 1843 1799 pro

251 1807 402 1901 ratione
428 1827 517 1900 satis
542 1848 737 1925 ‘magnum
772 1824 1011 1917 retinebant,
1046 1828 1171 1902 multo
1197 1829 1374 1919 tenuiora
1413 1845 1542 1905 tamen
1582 1828 1841 1935 apparebant,

249 1987 367 2062 quam
392 1979 525 2048 antea,
552 1987 574 2032 a
600 1961 760 2034 materia
786 1961 949 2064 pulposa
975 1956 1105 2033 adhuc
1129 1959 1378 2045 circumdata,
1404 1964 1677 2064 apparuerant
1730 1962 1841 2057 Quae
1957 2054 1961 2059 Ι

251 2094 378 2168 omnia
404 2120 486 2169 non
510 2095 625 2169 semel
651 2090 831 2195 quidem,
871 2090 936 2167 sed
973 2092 1015 2167 in
1050 2092 1185 2194 quavis
1220 2090 1486 2194 disquisitione
1518 2091 1665 2186 eadem,
1688 2117 1840 2198 semper
1951 2068 1964 2079 ⁰

248 2226 407 2316 inveni,
432 2224 540 2329 quod
577 2226 725 2328 figurae
756 2251 914 2328 quoque
939 2223 1138 2328 produnt,
1171 2253 1195 2300 a
1230 2222 1386 2301 diversis
1420 2252 1569 2330 semper
1595 2222 1838 2331 ,praeparatis

247 2359 503 2462 depromptae.
543 2361 709 2461 ·Semper
745 2358 845 2433 iusta
878 2357 1173 2463 praeparatione
1197 2384 1355 2451 acuum
1372 2357 1610 2434 adminiculo
1634 2358 1834 2448 adhibito,

226 2517 363 2593 ‚rugae
391 2491 499 2578 illae,
537 2493 663 2597 primo
689 2502 845 2597 aspectu
880 2521 952 2596 pro
979 2489 1134 2568 laminis
1167 2490 1339 2580 habitae,
1376 2490 1420 2564 in
1444 2476 1728 2596 pulcerrimum
1755 2513 1836 2568 rete

249 2624 483 2724 vasculorum
534 2625 933 2712 transformabuntur,
968 2622 1090 2699 cuius·
1120 2623 1164 2698 in
1190 2623 1340 2700 lacunis
1363 2648 1512 2728 semper
1537 2623 1669 2728 aliqua
1694 2627 1834 2729 pulpo-

245 2781 306 2829 sae
338 2758 523 2832 materiae
553 2759 707 2863 vestigia
740 2758 962 2835 haerebant
1013 2754 1265 2832 Simillimum
1298 2775 1354 2833 est
1391 2755 1465 2831 hoc
1490 2776 1570 2833 rete
1594 2758 1631 2831 ei
1656 2782 1834 2834 vasorum

244 2886 508 2980 diramationi,
549 2917 651 2992 quae
682 2911 768 2997 post
799 2892 964 2967 faustam
998 2888 1247 2967 iniectionem
1279 2890 1323 2965 in
1363 2916 1524 2995 corpore
1549 2889 1693 2974 ciliari,
1725 2884 1833 2971 ,iride

242 3022 301 3094 vel
329 3024 483 3127 pectine
516 3026 620 3101 oculi
633 3002 777 3101 'avium
803 3050 1011 3131 apparere
1008 3025 1117 3101 solet
1167 3023 1419 3099 Iniectionem
1443 3024 1579 3127 capitis
1603 3025 1833 3126 melleagris,

241 3177 415 3231 recenter
439 3159 594 3234 mactati
618 3158 869 3235 instituebam
893 3183 939 3233 ex
961 3157 1175 3232 Zinnabari
1199 3174 1240 3231 et
1262 3158 1346 3232 oleo
1371 3155 1696 3246 Terebinthinae,
1730 3184 1832 3258 quae

216 3288 350 3384 <bunc
374 3292 557 3366 erentum
581 3291 741 3370 habuit
764 3316 884 3367 massa
908 3291 1077 3367 colorata
1102 3315 1166 3364 vas
1192 3288 1381 3363 circulare
1406 3289 1635 3394 repleverat,
1662 3285 1831 3390 indeque

238 3423 388 3526 aliquos
427 3425 671 3501 ramulorum
704 3425 1043 3514 transversalium,
1092 3423 1163 3524 qui
1205 3421 1322 3528 oculo³
1357 3421 1588 3497 multifarias
1628 3417 1830 3533 divisiones
1890 3421 1929 3513 Ἀ).

187 3606 191 3611 -
240 3576 570 3662 anastomosesque
595 3557 821 3635 offerebant.
871 3560 1001 3634 Altera
1028 3553 1185 3630 iniectio
1211 3552 1357 3659 capitis.
1383 3554 1475 3655 galli
1505 3554 1720 3629 communis
1744 3552 1830 3627 feli·
1869 3625 1872 3631 ,
2006 3532 2015 3541 ’

237 3688 328 3777 tior,
355 3691 620 3768 exZiunabari
631 3710 670 3767 et
681 3689 833 3796 glutine
856 3689 1017 3766 animali
1044 3687 1161 3777 sacta,
1189 3684 1488 3763 diramationem
1507 3711 1686 3761 vasorum
1709 3683 1830 3786 magis

219 3822 478 3927 'perspicuam
511 3823 692 3899 reddidit.
769 3823 884 3900 Sinus
913 3822 1129 3913 circularis,
1161 3819 1232 3922 qui
1268 3819 1310 3894 in
1336 3818 1426 3922 ipsis
1449 3817 1740 3920 cartilaginibus
1764 3817 1828 3891 ‹le-

235 3954 377 4042 currit,
403 3983 566 4058 vasaque
591 3958 757 4033 maxime
783 3955 918 4032 tenuia
942 3955 987 4030 in
1009 3955 1131 4060 ipsam
1156 3951 1429 4052 cartilaginum
1459 3950 1714 4026 substantiam
1739 3955 1828 4029 mit·

212 4086 302 4177 air,
326 4091 553 4191 sanguinem
577 4114 624 4163 ex
647 4088 799 4165 duobus
824 4088 918 4164 vasis
942 4087 1167 4193 excipiebat.
1216 4085 1394 4160 Alterum
1419 4107 1489 4185 per
1513 4080 1688 4157 foramen
1714 4084 1842 4159 nervi.

233 4221 388 4297 acustici
432 4222 627 4312 intrabat,
683 4223 727 4301 in
764 4220 937 4323 duosque
980 4246 1106 4298 ramos
1136 4213 1400 4304 dividebatur,
1443 4239 1614 4316 quorum
1645 4214 1745 4290 alter
1773 4214 1824 4307 ¹¹)s

276 4645 328 4713 to]
348 4640 427 4700 Tab.
442 4642 483 4701 ΙΙ.
503 4641 572 4724 Fig.
593 4641 625 4706 8.
646 4643 716 4727 Fig.
734 4644 769 4706 6.

87 4739 90 4751 ¹
196 4767 200 4773 ’
277 4797 329 4864 ιι)
350 4789 425 4854 saa.
444 4791 487 4852 11.
509 4777 580 4875 rig.
605 4811 637 4874 9.
642 4794 685 4868 f-
