4298 5340
421 308 446 347 ι
887 274 1260 390 ’.θῇς-η..

205 566 358 667 gosa
383 544 598 653 curvatur,
600 544 737 665 eaque
763 538 918 709 exteina
943 590 1010 641 seu
1026 586 1192 660 convexa
1210 520 1413 670 superficie
1433 555 1491 633 illi
1515 522 1762 634 membranae
1775 558 1861 634 laxe

199 730 210 749 -·
273 682 480 768 adhaerere
505 658 680 780 vrrletur
708 676 825 823 quae,
836 674 990 771 simnia
1015 692 1257 771 circumdans
1281 708 1320 767 et
1343 691 1566 766 lateralibus
1591 691 1862 792 cartilaginum
1903 752 1905 758 .

246 822 513 921 marginibus
528 821 724 909 adfixa,
698 812 918 945 antrorsiir'm
942 845 1074 901 autem
1099 825 1258 901 crassior
1283 823 1632 943 finam-pullamque
1647 820 1761 895 illam
1786 820 1864 894 for-

153 978 170 1013 *
227 932 243 971 s
272 948 376 1045 mar,
414 983 544 1058 quam
561 959 778 1069 lagenam
760 978 1055 1034 nomrnavrmus
1104 963 1188 1033 lam
1224 966 1384 1060 apparet
1410 944 1485 1028 has
1519 972 1597 1029 tres
1622 953 1863 1027 membranas

145 1090 149 1095 ’
269 1109 488 1172 externam,
522 1073 765 1209 vasculosam'
773 1072 1158 1211 subtilissimamque,
1176 1086 1425 1188 cartilagines
1457 1086 1775 1187 coniungente‘rn,
1802 1110 1862 1158 ea·

267 1222 363 1298 rum
387 1218 556 1325 spatium
583 1203 911 1306 circumscribere,
938 1221 1044 1324 quod
1071 1240 1291 1296 antrorsum
1316 1219 1361 1293 in
1376 1235 1576 1293 carnatem
1590 1216 1745 1318 lagenae
1757 1233 1867 1289 tran

177 1388 198 1451 a
263 1353 320 1426 >eit
347 1353 568 1455 partimque
590 1381 694 1457 aqua
728 1355 923 1443 cochleae,
962 1356 1106 1457 partim
1137 1351 1296 1426 materia
1323 1349 1391 1424 illa
1416 1345 1651 1434 semilluida,
1687 1328 1863 1448 lagenam

272 1485 454 1590 inprimis
490 1487 728 1588 complente,
765 1489 956 1590 repletum
993 1505 1055 1561 est.
1123 1485 1270 1558 Nervus
1306 1508 1329 1554 a
1362 1507 1525 1578 concavo
1555 1478 1712 1582 quidem
1747 1468 1865 1552 latere

275 1617 315 1692 in
344 1619 517 1691 canalem
543 1642 688 1691 osseum
709 1617 910 1691 cochleae
901 1636 1033 1708 rntrat,
1059 1642 1140 1690 non
1166 1633 1295 1688 autem
1328 1612 1497 1717 spatium
1529 1610 1630 1686 illud
1656 1611 1760 1684 inter
1786 1634 1866 1682 car·

219 1810 231 1817 ..
272 1750 473 1877 ,tilagincs
439 1749 544 1897 ab
575 1749 754 1823 inferiori
789 1751 907 1824 latere
944 1750 1067 1855 petit,
1109 1746 1174 1823 sed
1209 1746 1262 1820 ad
1313 1746 1411 1819 latus
1436 1743 1596 1817 alterius
1634 1739 1868 1838 cartilaginis

271 1850 550 1985 (quaempnd
584 1881 634 1954 sit
635 1908 703 1954 um
737 1880 958 1955 cochleae
948 1909 988 1955 m
1017 1879 1147 1982 capite
1181 1876 1359 1979 respicis,
1395 1874 1570 1948 anterior
1602 1869 1669 1964 est)
1707 1869 1868 1974 adponi-

273 2031 361 2106 ιιιις
398 2010 498 2086 ibi
486 2039 529 2086 ιιι
558 2012 725 2087 bulbum
753 2037 967 2118 accrescens
999 2011 1076 2085 iam'
1115 2009 1221 2082 fibris
1247 2005 1465 2081 trans-versis
1490 2003 1648 2105 insignis
1674 2021 1737 2077 est
1772 1998 1867 2074 inde

273 2169 427 2269 ramum
452 2142 501 2216 ad
525 2144 701 2246 lagenam
728 2144 866 2228 mittit,
894 2170 938 2216 ex
963 2142 1127 2217 maxima
1159 2157 1289 2213 autem
1316 2154 1425 2239 parte
1449 2135 1716 2236 cartilaginem
1742 2132 1867 2240 perfo-

180 2314 210 2371 ιι
274 2302 381 2356 rans,
418 2276 458 2348 in
486 2275 711 2353 membrana
737 2279 866 2365 renui,
901 2275 1066 2350 laminae
1091 2272 1223 2383 spirali
1250 2265 1526 2379 comparanda,
1553 2265 1782 2344 adumbrata
1808 2292 1868 2341 re·

165 2442 191 2493 ,a
275 2406 384 2488 sione
408 2406 667 2501 distribuitur
693 2404 753 2511 Ἡ)

315 2752 376 2835 aa)
398 2753 463 2817 Non
480 2775 625 2835 possum,
649 2757 723 2836 quin
746 2774 842 2836 pauca
860 2751 922 2814 boo
940 2753 1010 2815 loeo
1027 2752 1122 2818 uerba
1143 2754 1251 2825 faciam
1270 2753 1312 2815 -de
1332 2751 1496 2813 Florrrrnsi'i
1517 2751 1727 2833 experimentis
1738 2751 1873 2834 (experi-

397 2885 511 2958 memes
529 2893 583 2930 sur
603 2873 644 2930 les
665 2893 786 2941 caneux
807 2875 891 2933 senri-
895 2874 1064 2955 circulaires
1079 2873 1121 2934 de
1133 2872 1239 2930 ¹l'oreil
1237 2873 1354 2930 lechez
1374 2871 1414 2928 les
1433 2872 1566 2931 οιὶιεαιιιι
1587 2867 1748 2943 Aedonia,
1772 2868 1871 2952 Brog·
1903 2930 1910 2950 Ι,

407 2989 495 3044 niart
515 2999 543 3045 et
572 2986 690 3055 Damas
710 2988 808 3047 anna
807 3009 836 3045 es
856 2987 907 3046 des
926 2989 1049 3046 sciences
1072 2987 1201 3059 naturell
1200 3008 1229 3043 es
1256 2987 1346 3044 Tem.
1370 2983 1443 3044 XV
1466 3005 1497 3064 p.
1523 2986 1587 3043 113.
1618 2986 1688 3043 chez
1709 2985 1750 3041 les
1772 3004 1870 3042 mam·
1884 3036 1888 3049 ,

407 3074 533 3178 sufferes
555 3098 619 3160 ihid
641 3072 728 3162 Tom
741 3061 826 3187 llVl.
829 3123 885 3199 pr·
872 3103 939 3209 ιδ..)
952 3124 1052 3183 quae,
1070 3101 1130 3160 etsi
1152 3121 1187 3159 ea
1207 3102 1266 3180 jam
1287 3101 1405 3181 pridem
1420 3099 1560 3158 lubenter
1571 3119 1631 3158 non
1653 3086 1871 3178 credidissem,

318 3214 351 3241 ζ’
399 3212 504 3283 'tamen
527 3217 653 3280 ,οιιιιιῑιιο
658 3208 880 3306 reprobare&
865 3218 925 3278 ιιοιι
947 3216 1052 3311 potui.
1101 3219 1262 3335 Reseqim,
1286 3214 1377 3339 quam
1406 3212 1592 3298 probarent,
1625 3236 1661 3275 eo
1662 3196 1887 3297 singularior

379 3330 498 3410 ιιοιι,
517 3328 581 3420 q'no
601 3335 696 3414 magis
719 3336 869 3393 contraria
891 3350 925 3392 a'c
948 3328 1116 3415 repugnans
1137 3343 1186 3393 est
1205 3345 1324 3393 contra
1406 3328 1468 3415 ta,
1478 3348 1556 3413 quae
1580 3332 1737 3424 hucusque
1759 3332 1808 3392 vel
1832 3333 1875 3392 de‘
1886 3329 1903 3337 ”

383 3447 557 3513 ‘munione
583 3433 693 3511 hanun
721 3451 853 3570 partium
883 3449 942 3508 ad·
938 3442 1091 3508 anditum
1114 3318 1415 3533 pertrnentrum

149 3626 153 3633 ,
225 3578 238 3593 ··
399 3562 515 3643 quoodr
537 3563 662 3643 [rimam
699 3552 933 3644 semmam'quev
927 3565 1080 3625 mmmm
1109 3567 1284 3625 notionum
1300 3576 1439 3645 mnsam,
1473 3583 1530 3645 pro
1562 3574 1644 3624 certo
1666 3563 1870 3624 habebantur.

400 3680 523 3740 Etenim
544 3700 580 3738 ex
601 3683 755 3754 sectione,
789 3693 824 3739 ut
846 3681 882 3738 br
885 3683 979 3741 rvrter
1007 3704 1167 3778 moneam,
1193 3684 1283 3741 nnius
1316 3648 1433 3745 ullffl've
1453 3681 1565 3741 canalis
1585 3681 1845 3742 semicir'cularis
1838 3703 1870 3740 ιιι

1403 3448 1439 3510 el'
1451 3448 1505 3508 'de
1518 3447 1684 3530 dignitate·
1692 3454 1873 3522 nerv'orum,
1884 3472 1901 3479 ··

398 3794 549 3855 columbis
565 3817 660 3876 aeque
681 3808 772 3877 atque
790 3798 821 3856 in
841 3797 989 3857 cuniculis
1008 3810 1109 3859 motus
1130 3802 1235 3882 eapitis
1256 3801 1393 3859 omnisve
1413 3801 1548 3880 eorporis
1569 3819 1674 3859 eorum
1695 3797 1872 3857 animalium

400 3915 532 3973 orientes
553 3914 653 3991 vidit,
687 3934 744 3994 pro
765 3914 930 3974 directione
946 3963 949 3969 .
964 3926 995 3975 et
1026 3918 1087 3977 situ
1107 3918 1193 3977 vario
1218 3915 1406 3998 singulorum
1436 3898 1594 3983 canalium,
1608 3917 1698 3974 etiam
1729 3913 1873 3979 diversos.

399 4031 596 4111 Quamquam
617 4029 675 4090 hoc
696 4028 774 4102 loeo,
807 4033 859 4091 a'ut
881 4052 915 4090 ex
937 4032 1041 4092 iisdem
1064 4035 1272 4115 experimentis
1294 4055 1312 4092 a
1337 4055 1385 4092 me
1406 4033 1557 4114 repetitis,
1580 4039 1633 4091 aut
1655 4028 1720 4089 aliis
1743 4031 1873 4092 eundem

404 4148 434 4205 in
457 4147 547 4206 finem
569 4146 714 4205 institutis
736 4144 803 4205 illas
832 4147 1058 4208 ohservationes
1092 4149 1183 4231 plane
1204 4151 1336 4210 refutare
1368 4171 1429 4210 non
1451 4150 1542 4224 hcet,
1558 4155 1682 4207 tamen
1696 4144 1871 4208 dissecando

324 4262 327 4271 “
401 4266 492 4324 toties
513 4283 617 4322 aurem
640 4263 789 4322 internam
812 4265 915 4323 avium
937 4267 967 4324 in
990 4288 1055 4326 rem
1075 4269 1229 4348 quandam
1250 4269 1360 4343 incidi,
1397 4288 1458 4347 qno
1477 4242 1553 4326 isitii
1575 4238 1709 4347 quidem
1744 4246 1872 4327 maxime

401 4389 553 4459 suspectas
575 4397 625 4436 eas
646 4377 788 4439 reddidit.
831 4379 865 4439 In
887 4380 1028 4442 omnibus
1040 4383 1145 4443 avibus
1167 4380 1287 4442 canales
1299 4372 1536 4442 semicirculares
1550 4368 1743 4444 nonsohim
1737 4383 1873 4465 proxime

318 4486 586 4555 -s‘ircerebellhm
607 4487 800 4576 adtingunt,
838 4497 890 4558 sed
924 4490 1025 4559 etiam·
1047 4496 1391 4580 cavitatem·=·qnsndam
1428 4496 1469 4557 ab
1488 4468 1606 4558 internis
1628 4510 1736 4560 eorum
1756 4499 1887 4579 pariete·

399 4611 560 4680 formatam
572 4611 675 4674 inveni
689 4658 697 4690 ,
722 4612 858 4696 adquam
870 4636 958 4677 arcus
968 4608 1080 4677 canalis
1094 4603 1353 4697 superiorisquasi
1374 4615 1489 4676 aditum
1502 4615 1644 4698 praebet,
1666 4616 1698 4674 in
1718 4624 1874 4696 quamque
